4282 4890
1744 81 2000 237 dua-344

630 287 686 340 LE
707 286 853 341 BAKER
874 288 934 342 DE
954 289 979 342 S
985 288 1025 341 W
1028 288 1262 344 YNEBROKE.
1560 294 1621 361 115

268 485 468 550 diversarum
493 483 693 562 lormarum;
724 485 843 549 deinde
866 485 1007 567 patriam
1030 495 1247 568 campestrem
1277 483 1407 566 ignibus
1439 484 1620 567 depascens
1639 499 1794 550 auram.

269 626 372 688 usque
395 606 438 669 ad
460 601 572 670 Seint¹
590 605 735 670 Homers
757 605 916 688 equitavit
938 616 980 684 et,
1000 605 1112 670 multis
1134 605 1301 670 fortaliciis
1319 605 1654 760 expugnati&

1665 734 1685 782 r.
1697 730 1766 783 1³1⁵.

270 726 877 912 ‘w-QQS
894 726 1058 791 Calesiam
1074 726 1305 790 revertebatur.

446 898 453 927 ,
490 868 556 912 rrca
579 847 699 911 festum
718 849 823 913 sancti
843 845 987 931 Georgii,
1012 868 1063 911 res
1084 847 1116 911 in
1137 847 1303 912 Vasconia
1326 847 1409 911 bene
1431 847 1619 932 gerebatur,
1639 850 1769 902 Detestor

269 969 394 1052 quippe
419 969 627 1034 marescallus
654 969 745 1052 regni
771 969 908 1033 Francie
932 989 1007 1034 cum
1032 988 1152 1051 magna
1175 968 1385 1032 multitudine
1415 978 1617 1033 armatorum
1638 916 1789 1033 pgrrsrzneh

269 1089 484 1173 depopulavit
511 1091 652 1173 patriam
677 1090 754 1153 ville
780 1091 883 1155 sancti
913 1090 1069 1154 Iohannis
1092 1088 1195 1154 Ewan
1219 1088 1322 1167 eliste,
1348 1089 1440 1154 cuius
1470 1090 1620 1155 custodie
1638 1048 1773 1180 ffigely.

269 1210 467 1276 Edmundus
491 1212 581 1275 Rose
608 1110 1497 1295 Nomopulares,
1520 1211 1619 1275 coad-

270 1333 361 1396 unati
384 1353 458 1398 cum
481 1344 674 1416 garnestura
689 1335 837 1417 predicte
851 1333 936 1411 ville,
953 1333 1104 1397 hostibus
1119 1333 1255 1397 viriliter
1280 1333 1465 1410 obviarunt,
1480 1341 1522 1409 et,
1538 1332 1621 1396 inito

269 1473 454 1537 congressu,
484 1455 596 1519 multis
620 1475 753 1538 quoque
778 1455 902 1531 occisis,
932 1464 1088 1539 ceperunt
1114 1455 1299 1538 predictum
1330 1453 1557 1519 marescallum
1586 1464 1621 1519 et

270 1574 392 1638 multos
408 1575 490 1639 alios
505 1575 631 1640 nobiles
648 1576 859 1653 Francorum,
874 1575 996 1659 sugatis
1014 1575 1156 1660 amplius
1171 1595 1272 1658 quam
1288 1573 1409 1639 ccccl·
1420 1574 1499 1657 viris
1514 1584 1621 1640 status

270 1694 422 1759 militaris
433 1696 455 1757 ³.

357 1817 487 1882 Eodem
504 1839 591 1883 anno
606 1830 741 1884 eventus
759 1819 895 1885 bellicus
914 1820 976 1884 sub
999 1820 1121 1884 ducatu
1145 1817 1300 1883 iohannis
1316 1819 1358 1882 de
1381 1817 1474 1882 Bello
1493 1837 1623 1902 campo,
1642 1836 1772 1888 Deseror

269 1940 416 2022 germani
432 1941 564 2005 comitis
578 1939 761 2018 Warewici,
780 1942 813 2006 in
834 1961 1023 2026 perversum
1043 1940 1151 2004 suerat
1170 1949 1317 2004 mutatus
1329 1937 1352 2003 ⁴.
1399 1938 1477 2023 Ipse
1494 1959 1569 2002 nem
1595 1958 1623 2018 e,
1641 1902 1789 2034 ffiffssm

269 2062 458 2144 capitaneus
473 2071 552 2127 tunc
570 2061 700 2141 Calesii‚
723 2065 843 2128 educta
868 2063 934 2127 fere
952 2072 1025 2127 tota
1050 2083 1111 2125 sua
1136 2060 1297 2137 custodia,
1322 2059 1446 2125 scilicet
1469 2058 1623 2124 trecentis
1641 2033 1793 2151 {magnos

268 2183 346 2245 viris
367 2203 534 2246 armorum
558 2193 658 2266 atque
677 2185 818 2249 totidem
834 2183 1023 2267 sagittariis,
1038 2181 1179 2266 patriam
1198 2181 1339 2246 vicinam
1355 2180 1466 2246 triduo
1481 2179 1623 2245 vastavit

90 2279 95 2290 ¹
180 2302 188 2350 l
269 2300 901 2486 &W
918 2311 968 2365 set
985 2301 1017 2363 in
1034 2300 1140 2364 reditu
1160 2319 1272 2362 versus
1289 2296 1481 2362 Kalesiam⁶
1497 2296 1623 2361 domini

18 2434 107 2529 ssr'r.
216 2464 249 2501 „
269 2421 312 2483 de
345 2440 494 2526 -Q
526 2441 544 2483 e
810 2441 885 2486 cum
913 2420 1003 2483 mille
1024 2430 1058 2484 et
1072 2418 1261 2502 quingentis
1276 2417 1354 2480 viris
1370 2437 1536 2482 armorum
1559 2415 1622 2480 illis

145 2538 164 2612 ,f
271 2540 404 2603 insidias
432 2539 464 2602 in
490 2540 596 2603 tribus
626 2539 706 2605 locis
737 2541 970 2616 imboscarunt,
996 2541 1053 2622 qui
1063 2537 1085 2617 ⁸,
1111 2539 1248 2604 devictis
1278 2537 1386 2622 prima
1416 2548 1449 2602 et
1478 2538 1623 2602 secunda

271 2659 577 2736 imboscacionibuS,
592 2671 749 2725 venerunt
770 2681 874 2745 prope
894 2661 1120 2744 pavimentum
1137 2661 1227 2742 quod
1243 2668 1295 2723 est
1311 2659 1372 2723 iter
1386 2659 1430 2722 ad
1448 2656 1622 2735 Calesiam,

271 2781 326 2844 ubi
342 2779 454 2844 hostes
473 2778 639 2845 recentes⁸
663 2782 743 2866 ipsis
764 2791 984 2847 occurrerunt.
1031 2780 1201 2845 Predictus
1218 2779 1317 2864 igitur
1333 2779 1504 2854 Iohannes,
1528 2777 1622 2842 miles

269 2901 511 2965 strenuissimus
526 2911 559 2965 et
576 2901 657 2966 mire
672 2902 962 2985 magnanimitatis,
979 2901 1167 2984 indignatus
1182 2899 1275 2982 quasi
1291 2899 1447 2983 fugiendo
1463 2899 1495 2962 in
1512 2898 1621 2963 locum

269 3033 379 3087 tutum
410 3032 444 3087 et
473 3031 589 3105 aptum
619 3023 800 3088 defensioni
826 3044 903 3087 suos
933 3023 1134 3099 contrahere,
1164 3021 1287 3104 sprevit
1314 3021 1539 3104 pavimentum
1562 3017 1623 3084 eiis

269 3144 411 3209 vicinum
428 3164 488 3228 pro
504 3143 630 3227 refugio
653 3155 796 3228 captare,
811 3165 879 3228 quo
900 3144 927 3208 si
943 3143 1159 3216 devenissent,
1179 3142 1291 3206 hostes
1315 3141 1346 3205 in
1368 3141 1441 3205 illos
1462 3161 1528 3205 non
1548 3160 1623 3224 pre·

269 3265 456 3339 valuissent,
471 3266 499 3328 si
590 3266 597 3279 '
841 3265 993 3351 juguni
1002 3265 1139 3349 ,suerunt
1158 3264 1281 3330 ibidem
1295 3289 1303 3343 3
1327 3274 1405 3329 tunc
1420 3261 1532 3327 enim⁸
1549 3263 1623 3328 illos

269 3407 335 3451 non
351 3387 534 3470 potuissent
549 3387 819 3453 circumvallasse.
866 3387 972 3472 igitur
992 3387 1024 3450 in
1047 3386 1147 3471 plano
1162 3407 1282 3471 campo
1303 3385 1367 3449 illis
1388 3385 1574 3449 restiterunt
1589 3393 1622 3448 et

270 3518 560 3591 quantumcunque
577 3507 688 3573 lassati
700 3531 745 3574 ex
757 3509 905 3594 dupplici
923 3509 955 3573 in
970 3510 1088 3574 eodem
1104 3507 1158 3572 die
1170 3507 1286 3571 habito
1297 3505 1462 3584 conflictu,
1476 3516 1510 3569 et
1525 3505 1622 3570 multi

43 3703 50 3721 ,
114 3706 122 3729 2
141 3602 239 3717 ⁸pud
270 3648 314 3692 ex
329 3629 387 3692 eiis
403 3628 584 3711 periculose
600 3629 735 3694 luissent
757 3630 896 3695 sauciati
905 3629 926 3707 ⁹,
942 3628 1104 3713 sagittarii
1127 3628 1232 3692 eciam
1252 3648 1329 3692 suas
1344 3628 1483 3710 sagittas
1498 3645 1622 3709 expen-

37 3726 56 3753 ,η
85 3718 91 3749 .’
103 3714 109 3735 ¹
132 3716 136 3722 '
772 3712 855 3735 ''⁸'’-
873 3730 889 3743 ..
963 3716 1104 3758 w

306 3903 316 3937 ¹
335 3905 431 3975 Seynt.
451 3904 482 3959 C.
800 3902 889 3960 'Ros
903 3901 1166 3960 Northiolchiensis.
1186 3904 1218 3958 C.

306 3989 498 4061 ‘fugaverant
521 3990 640 4064 amplius
660 4008 745 4064 quam
766 4004 843 4048 occe
863 3992 938 4047 viros
959 4001 1048 4047 status
1069 3989 1199 4047 militaris
1219 3988 1290 4045 alios
1310 3987 1548 4060 quadringentos:
1577 3985 1623 4041 tlte

262 4081 335 4151 first
345 4078 407 4133 and
418 4077 514 4151 eighth
525 4078 620 4134 words
632 4079 745 4153 having
756 4080 820 4136 been
832 4079 948 4135 altered.
968 4080 999 4135 C.

307 4166 452 4222 *mutata
472 4168 524 4234 B.;
548 4177 695 4224 mutatum.
715 4169 747 4224 C.
924 4165 1101 4224 ⁶Calesiam.
1122 4168 1153 4223 C.
1331 4161 1343 4195 ⁸
1362 4164 1496 4235 Bealgyn.
1515 4163 1547 4218 C.

313 4251 325 4284 ²
343 4254 366 4310 F
369 4269 464 4324 yeues.
483 4254 515 4309 C.
693 4254 704 4286 ⁸
721 4271 775 4312 om.
795 4257 827 4312 C.
1005 4253 1017 4286 ⁹
1035 4253 1139 4311 inimici
1153 4251 1280 4310 sauciati.
1300 4254 1333 4309 C.

911 4372 972 4436 Qs
