4282 4890
613 312 669 367 LE
690 308 837 366 BAKER
859 308 919 364 DE
940 308 966 363 S
971 308 1011 363 W
1015 307 1252 366 VNEBROKE.
1549 299 1608 380 167

256 522 289 577 et
312 512 401 595 apud
424 508 566 577 Fontem
591 510 732 575 Ebrardi
755 508 921 592 sepelitur.
978 507 1109 573 Eodem
1132 527 1219 572 anno
1242 517 1420 572 coronatur
1443 507 1610 572 Iohannes

256 634 357 698 irater
379 633 448 696 eius
470 632 560 717 apud
582 630 926 696 Westmonasterium.
1427 628 1566 708 c.xlviij.

343 753 492 835 mccvij.
537 751 572 816 A
605 751 777 817 nativitate
804 750 890 834 regis
922 749 1058 815 Henrici
1088 749 1207 833 quarti,
1238 749 1296 814 filii
1327 750 1413 833 regis
1444 749 1611 815 Iohannis.

255 873 301 937 Et
332 875 488 959 proximo
509 894 596 938 anno
631 873 781 956 sequenti
814 871 969 955 generale
1003 871 1214 937 interdictum
1253 872 1285 935 in
1319 869 1445 955 Anglia
1478 870 1611 955 incepit.
1712 880 1724 900 ·

1486 991 1566 1057 C.xl.

343 1116 522 1200 M.cc.xiiij.
566 1115 602 1179 A
618 1114 825 1181 relaxacione
847 1114 996 1178 eiusdem
1021 1113 1196 1192 interdicti,
1219 1134 1295 1180 cum
1318 1113 1470 1179 durasset
1493 1134 1552 1199 per
1566 1112 1611 1197 vj.

257 1257 360 1302 annos
383 1238 416 1301 in
438 1247 511 1303 toto
535 1257 638 1320 regno
660 1235 795 1319 Anglie.
1411 1235 1565 1318 c.xxxiij.

344 1359 506 1441 M.cc.xvj.
550 1358 609 1423 Ab
631 1358 724 1422 obitu
745 1357 830 1440 regis
855 1355 1020 1435 Iohannis,
1043 1376 1119 1422 cum
1143 1367 1311 1439 regnasset
1333 1356 1414 1440 xvij.
1439 1359 1551 1435 annis;
1575 1366 1610 1422 et
1655 1369 1760 1423 ruat

257 1481 347 1564 apud
363 1481 568 1564 Wigomiam
584 1478 750 1562 sepelitur.
795 1478 925 1543 Eodem
942 1498 1029 1543 anno
1049 1478 1212 1543 Henricus
1230 1478 1323 1559 iiij¹¹¹.,
1338 1477 1424 1543 filius
1440 1479 1518 1558 eius,
1533 1499 1609 1544 cum

258 1613 344 1667 esset
366 1622 526 1668 annorum
550 1601 605 1680 ix.,
626 1601 716 1684 apud
739 1598 1074 1665 Westmonasterium
1096 1610 1285 1666 coronatur.
1435 1600 1567 1684 c.xxxj.

346 1737 500 1788 mccxx·
543 1723 580 1786 A
608 1722 999 1788 secunda·c0ronacione
1029 1722 1186 1800 eiusdem,
1216 1742 1292 1788 cum
1322 1732 1410 1787 esset
1448 1742 1610 1787 annorum

258 1845 337 1928 xiij,
360 1845 450 1929 apud
474 1843 675 1908 Londonias.
1417 1841 1568 1927 c.xxvij.¹

347 1964 564 2048 mccxxxvj.
607 1965 643 2029 A
673 1963 927 2030 confirmacione
957 1964 1147 2029 libertatum
1179 1985 1239 2047 per
1276 1984 1388 2048 regem
1427 1965 1610 2030 Henricum

259 2099 424 2170 quartum,
447 2106 676 2153 concessarum
699 2086 931 2152 communitati
954 2086 1089 2169 Anglie,
1112 2106 1177 2169 que
1200 2087 1232 2149 in
1256 2106 1377 2170 magna
1400 2098 1490 2153 carta
1512 2097 1546 2153 et
1570 2087 1613 2152 de

260 2209 383 2274 foresta
406 2208 648 2275 continentur².
1488 2208 1568 2292 c.xj.

261 2342 264 2348 ’
348 2329 524 2395 Sentencia
544 2329 612 2394 lata
627 2349 686 2413 per
700 2349 815 2394 omnes
836 2328 1109 2413 archiepiscopos,
1128 2327 1314 2412 episcopos,
1330 2329 1485 2412 prelatos,
1502 2330 1612 2413 ponti·

260 2450 409 2516 ficalibus
437 2452 578 2528 indutos,
600 2450 752 2515 crucibus
774 2452 901 2528 erectis,
924 2461 957 2514 et
983 2449 1128 2516 candelis
1157 2451 1311 2528 accensis,
1334 2450 1367 2515 in
1397 2470 1513 2516 omnes
1535 2472 1612 2517 con·

259 2573 478 2638 travenientes
501 2580 534 2635 et
556 2582 814 2654 transgressores
834 2570 1023 2637 libertatum
1040 2582 1073 2636 et
1089 2573 1364 2637 consuetudinum
1380 2582 1611 2638 contentarum

261 2696 293 2757 in
327 2693 483 2777 predictis
516 2693 624 2770 cartis,
658 2693 743 2758 sicut
777 2713 836 2776 per
869 2713 981 2777 regem
1013 2691 1235 2771 confirmatis3
1274 2704 1307 2758 et
1338 2692 1401 2759 hac
1434 2695 1478 2759 de
1513 2714 1612 2760 causa

260 2815 376 2880 habuit
399 2834 459 2878 rex
483 2814 649 2879 Henricus
672 2813 895 2879 tricesimam⁸
916 2815 1021 2879 tocius
1044 2813 1168 2897 Anglie
1191 2814 1290 2898 regni.
1339 2812 1497 2897 Sequenti
1525 2834 1613 2880 anno

263 2937 351 3002 Octo
365 2935 495 3019 legatus
517 2936 607 3001 venit
631 2936 664 3000 in
687 2935 860 3020 Angliam.

348 3055 584 3142 M.CC.xxxix.⁴
628 3057 664 3121 A
680 3058 854 3122 nativitate
877 3056 962 3141 regis
986 3055 1152 3130 Edwardi‚
1175 3055 1233 3120 filii
1256 3057 1343 3141 regis
1368 3055 1513 3137 Henrici‚
1535 3067 1611 3142 post

260 3191 477 3264 conquestum
499 3178 609 3264 primi.
669 3178 827 3244 Proximo
856 3199 943 3244 anno
971 3178 1122 3261 sequenti
1153 3177 1240 3244 Octo
1264 3178 1392 3262 legatus
1414 3179 1547 3245 recessit
1569 3178 1613 3244 ab

260 3302 396 3386 Anglia.
1471 3300 1569 3384 cviij.

349 3423 516 3506 mccxlii.
561 3421 596 3486 A
617 3421 887 3488 transiretacione
918 3420 1054 3488 Henrici
1084 3420 1191 3505 quarti
1221 3441 1297 3486 cum
1324 3421 1485 3486 Alienora
1508 3441 1612 3488 uxore

262 3564 321 3609 sua
344 3545 376 3608 in
399 3545 623 3611 Wasconiam.
1503 3556 1566 3608 αν.

275 3721 278 3727 ,
350 3664 501 3749 M.cc.lvj.
546 3665 716 3744 Ricardus‚
739 3687 850 3732 comes
881 3663 1058 3744 Comubie,
1080 3664 1205 3729 electus
1233 3673 1282 3729 est
1313 3662 1346 3728 in
1378 3664 1610 3748 imperatorem

263 3787 482 3865 Alemannie;
516 3799 549 3851 et
572 3788 728 3872 proximo
750 3807 838 3852 anno
860 3787 1010 3870 sequenti
1033 3796 1217 3852 coronatur.
1501 3785 1567 3869 xcj.

351 3896 526 3981 M.cc.lviij.
569 3897 605 3961 A
620 3898 862 4035 provisionibus
880 3897 1080 3993 {Q
1096 3896 1273 3973 Oxoniam,
1291 3898 1379 3963 unde
1399 3897 1503 3962 multa
1525 3896 1612 3963 mala

264 4020 383 4111 iuturiq
404 4019 610 4112 {moribus
631 4039 692 4084 con
710 4030 850 4113 rgerunt.
1432 4018 1568 4083 lxxxix.

353 4138 532 4224 M.cc.lxiij.
579 4139 1712 4267 Q

370 4274 496 4349 ¹c.xxvj.
516 4278 548 4332 B.
655 4276 850 4333 ’continetur¹
865 4279 899 4332 B.
1005 4274 1107 4348 ³xviij.
1123 4278 1155 4331 B.
1262 4276 1478 4331 *mcccxxxix
1498 4278 1530 4331 B.
