4282 4890
455 54 630 205 ‚rfll“
661 66 668 82 ⁶

424 178 434 230 l

340 186 392 343 Q
519 244 543 465 Ῐ
650 296 705 350 LE
729 295 874 350 BAKER
895 296 954 350 DE
976 296 1001 350 S
1008 296 1048 350 W
1052 295 1287 353 VNEBROKE.
1585 307 1645 373 103

269 528 274 538 ·
383 497 531 561 Instante
558 495 683 581 perlata
712 497 951 592 solempnitate,
978 497 1168 562 nunciatum
1194 508 1244 562 est
1274 497 1342 580 regi
1372 517 1430 582 per
1459 498 1650 591 QS
1669 505 1823 556 sumas.
1859 444 2061 607 stupratur]

33 638 76 783 (f,
165 596 179 613 ⁸
295 618 438 683 Emerici
464 618 506 682 de
534 617 657 717 Q,
683 618 796 682 militis
821 618 1036 703 stipendiarii,
1060 618 1149 700 quod
1175 619 1423 701 quartadecima
1449 620 1503 683 die
1530 619 1650 682 mensis
1669 636 1727 686 Plot
1737 643 1765 686 to

294 739 438 803 Ianuarii
453 738 560 804 forent
577 739 609 802 iu
629 738 792 804 Calesiam
813 739 990 824 recipiendi
1012 738 1179 804 Galfridus
1200 740 1242 803 de
1261 738 1405 822 Chamy,
1422 739 1524 816 miles,
1539 750 1573 803 et
1594 739 1650 804 alii
1669 703 1762 818 iffi}

294 858 413 924 Gallici
430 860 462 922 iu
478 880 600 943 magno
615 880 760 938 numero,
775 859 895 942 quibus
914 858 1045 925 Calesia
1060 880 1118 943 per
1137 860 1322 944 predictum
1339 860 1528 926 Emericum
1545 860 1651 925 luerat
1702 868 1722 915 ί·
1735 867 1795 914 12⁸·

293 981 435 1059 vendita,
466 990 515 1045 set
545 1001 604 1064 per
636 1000 746 1064 regem
780 980 928 1063 graciose
965 991 1129 1046 rescutata
1165 980 1224 1044 tali
1261 1001 1424 1064 processu.
1481 981 1651 1046 Predictus

296 1102 466 1165 Emericus
484 1101 663 1166 Paduensis
679 1101 761 1166 iuter
776 1112 902 1166 ceteros
919 1102 1094 1165 Ianuenses
1110 1101 1300 1166 morabatur
1316 1103 1349 1165 in
1363 1101 1492 1167 Calesia
1507 1102 1651 1180 obsessa,

294 1224 338 1287 ad
349 1223 514 1307 stipendia
525 1223 645 1286 tiranni
659 1223 860 1287 Francorum
870 1233 986 1288 contra
1001 1242 1111 1305 regem
1126 1222 1333 1287 obsidentem
1346 1247 1355 1301 ;
1377 1233 1427 1286 set
1447 1223 1520 1302 sibi,
1536 1222 1650 1288 sicud¹

294 1345 419 1421 ceteris,
435 1355 511 1425 post
529 1342 605 1407 ville
628 1343 833 1409 dedicionem
854 1363 1010 1408 concessa
1031 1344 1143 1426 gracia
1157 1345 1224 1407 vite
1246 1354 1280 1408 et
1303 1344 1526 1408 membrorum
1550 1355 1651 1427 atque

296 1465 455 1528 libertatis
478 1465 638 1543 militaris,
653 1466 695 1529 de
717 1475 826 1529 cetero
845 1465 965 1528 mansit
988 1485 1063 1530 cum
1079 1485 1162 1548 rege
1184 1465 1415 1549 stipendiarius
1437 1467 1481 1530 ad
1504 1467 1650 1530 eiusdem

296 1584 425 1650 Calesie
444 1585 631 1650 tuicionem.
677 1585 759 1649 Erat
782 1597 943 1670 protunc
967 1585 1135 1651 Galfridus
1158 1587 1312 1651 dominus
1335 1589 1377 1652 de
1401 1585 1541 1693 Q’
1558 1587 1652 1651 miles

296 1706 489 1791 plusquam
511 1706 630 1788 aliquis
651 1704 807 1785 Gallicus,
824 1717 860 1771 ut
883 1705 972 1771 fama
993 1707 1172 1784 ventilavit,
1189 1708 1220 1770 in
1240 1728 1274 1772 re
1298 1709 1429 1773 militari
1452 1710 1653 1774 exercitatus

296 1837 405 1909 atque,
421 1846 496 1891 cum
521 1827 619 1911 longa
642 1828 850 1910 experiencia
870 1848 1047 1906 armorum,
1062 1839 1178 1893 nature
1195 1830 1317 1894 vivacis
1339 1830 1521 1912 sagacitate
1543 1831 1652 1895 excel-

297 1948 399 2013 lenter
428 1948 572 2027 dotatus‚
597 1959 631 2013 et
659 1949 734 2014 ideo
761 1949 898 2014 Francie
924 1950 1138 2029 tirannorum,
1164 1971 1266 2034 usque
1292 1952 1336 2015 ad
1362 1970 1458 2014 suum
1485 1900 1686 2095 interitum(
1709 1936 1736 2053 Β
1819 2026 1832 2047 .
1903 1972 1964 2040 ι·-

295 2081 329 2134 et
362 2071 509 2135 coronati
552 2071 753 2135 Francorum
791 2072 982 2154 capcionem
1015 2072 1419 2173 &reuolubile-ensi,
1449 2072 1653 2137 conciliarius
1716 2090 1744 2205 ”l
1856 2138 1865 2165 Ι

320 2192 492 2276 rincipalis.
554 2191 620 2255 Iste
665 2190 845 2256 facinorum
886 2192 1104 2258 calidissimus
1142 2193 1348 2259 machinator
1389 2193 1488 2259 fidem
1534 2194 1651 2276 presati

212 2211 441 2415 Xiimerici
468 2312 569 2377 literis
594 2313 657 2376 sibi
687 2313 814 2378 evocati
845 2313 915 2377 auri
949 2314 1044 2378 donis
1073 2323 1107 2378 et
1132 2313 1284 2379 sofisticis
1314 2315 1482 2398 promissis
1512 2325 1651 2379 conatus

242 2440 489 2534 &pervertere
537 2428 695 2492 Finaliter
710 2448 786 2493 cum
801 2428 885 2493 falso
900 2429 1041 2512 cupidus
1056 2431 1208 2495 convenit
1223 2432 1323 2513 quod,
1339 2451 1400 2514 pro
1640 2431 1653 2468 ³

103 2499 244 2613 ubil*

15 2552 224 2742 lusu
352 2668 544 2683 ·--
1182 2667 1196 2706 .
1429 2672 1436 2684 ·
1645 2671 1652 2686 -

81 2688 96 2726 ι
298 2669 425 2734 sacrlem
448 2678 618 2732 introitum
641 2667 775 2733 Gallicis
798 2689 829 2732 m
851 2668 963 2733 villam
983 2680 1173 2753 prepararet
1198 2679 1325 2752 ‚atque
1344 2672 1387 2734 ad
1406 2670 1482 2735 vrlle
1499 2680 1532 2734 et
1555 2680 1653 2735 castrt

297 2790 429 2874 plenam
455 2787 670 2873 capcionem³
693 2799 855 2871 quatenus
882 2801 993 2873 posset
1019 2791 1199 2856 adiuvaret.
1246 2791 1383 2856 Pactum
1407 2791 1519 2873 itaque
1541 2792 1653 2874 prodi-

296 2911 421 2978 ciosum
448 2921 737 2994 quantumcunque
766 2932 824 2995 per
853 2911 1072 2977 iuramentum
1099 2922 1132 2977 et
1161 2912 1656 3013 communionenrnnwsacramentl·

166 3006 244 3187 ’1-
297 3033 409 3133 altaris
426 3031 613 3115 utrimque⁰
633 3032 874 3109 confirmatum,
892 3041 1039 3098 attamen
1060 3043 1096 3098 ut
1116 3026 1251 3118 plenum
1269 3034 1600 3137 verginagaidjtate
1620 3045 1653 3099 et

297 3140 517 3220 fidfflentita
533 3154 673 3238 pessime
689 3154 794 3220 luerat
810 3155 989 3220 iniciatum.
1035 3154 1200 3238 Equidem
1216 3176 1282 3221 non
1299 3153 1388 3220 iam⁷
1404 3151 1561 3263 ‘Iliacos’
1580 3155 1652 3220 set⁸

111 3335 148 3417 ,Τὸ
170 3326 181 3393 l
290 3274 455 3351 ¹Calesios‚
478 3279 609 3341 ‘muros
630 3287 726 3342 extra
750 3287 904 3415 peccatur
926 3286 960 3341 et
983 3275 1108 3353 intra‚’⁹
1131 3297 1208 3341 narn
1232 3275 1393 3385 Gallicos!
1408 3286 1523 3360 treuge
1545 3276 1653 3341 adhuc

122 3396 172 3429 ··”
322 3408 468 3505 urantesp
478 3418 532 3481 pre
586 3417 787 3464 consciencie
818 3419 871 3482 egr
896 3419 934 3463 us
954 3397 1174 3482 proibuisseut
1194 3398 1239 3462 ob
1261 3398 1354 3463 omni
1374 3397 1653 3497 cQffll'finSiffle

298 3518 455 3601 pupplica
476 3518 529 3582 vel
550 3519 688 3596 occulta,
711 3539 778 3602 qua
800 3518 935 3601 pacifice
957 3519 1155 3602 possessioni
1177 3517 1264 3601 regis
1286 3518 1420 3601 Angfie,
1443 3519 1553 3600 quoad
1580 3539 1652 3602 pre·

189 3682 226 3747 ,J-
299 3639 422 3703 dictam
440 3636 563 3716 villam,
581 3646 734 3723 pote'rant
750 3640 925 3745 derogasse
938 3637 974 3704 ¹¹.
1019 3639 1136 3705 Eciam
1152 3638 1316 3723 prelatum
1336 3639 1524 3704 Emericum
1548 3659 1654 3702 rever·
1743 3654 1748 3663 ’
1785 3642 1920 3667 mm·
1951 3648 1958 3657 ’

29 3848 33 3855 Ι
130 3842 133 3847 ¹
161 3691 239 3857 fb
298 3759 391 3824 encia
406 3757 483 3823 fidei
504 3759 654 3824 militaris
670 3760 838 3824 terruisset
856 3761 900 3825 ab
921 3761 1010 3825 omui
1031 3760 1221 3844 prodicione
1241 3770 1274 3824 et
1295 3760 1451 3838 inonesta,
1467 3779 1531 3824 non
1547 3760 1652 3824 eciam

371 3995 379 4026 ¹
400 4012 454 4051 om.
473 3997 506 4050 B.
716 3996 727 4031 ³
746 3999 872 4055 Mathas.
892 3999 923 4054 C.
1135 3997 1146 4030 ⁸
1164 3997 1250 4054 blank
1260 4003 1342 4070 space
1352 4001 1385 4054 in
1398 4000 1421 4053 B
1434 4018 1442 4065 ;
1460 4002 1511 4053 not
1520 3999 1552 4052 in
1567 3999 1599 4054 C.

370 4081 382 4112 ⁴
400 4092 549 4153 repararet.
569 4085 600 4139 B.
761 4084 773 4118 ⁸
786 4087 865 4159 plen.
878 4083 963 4158 capt]
976 4084 1137 4143 tuicionem.
1157 4089 1190 4144 B.
1349 4084 1361 4118 ⁰
1378 4086 1529 4157 utriusque.
1550 4088 1572 4140 B

370 4167 607 4240 ⁷noniam10m.
628 4172 660 4227 C.
854 4172 919 4230 ‘et
940 4175 972 4228 B.
1166 4171 1356 4243 'Horace‚E
1377 4173 1441 4231 ist'
1505 4174 1546 4230 16.
1732 4146 1784 4268 ><

372 4255 394 4289 ¹⁰
410 4273 464 4328 que
477 4255 530 4327 pie
551 4259 584 4312 C.
868 4259 889 4292 ¹¹
906 4277 1049 4332 erogasse.
1069 4262 1101 4317 C.
1190 4188 1597 4342 ἃ

1277 4334 1589 4605 liuor
1637 4428 1814 4541 ὢν·
