4282 4890
24 546 157 616 Χ,ΝΛ

124 1606 131 1619 =
245 1594 355 1657 regem
378 1593 398 1637 a
421 1572 538 1638 Scocie
560 1572 678 1637 finibus
701 1574 894 1657 eripuisset;
923 1576 1012 1657 quod
1035 1596 1101 1639 non
1124 1575 1231 1638 solum
1255 1576 1336 1659 ipse,
1359 1586 1409 1641 set
1431 1577 1488 1711 pui
1519 1597 1631 1663 cum·
1666 1626 1699 1695 s

51 1682 59 1707 '
245 1695 256 1758 i
280 1694 374 1759 solu
400 1695 510 1760 iebant
557 1695 748 1761 ostmodum
772 1695 1025 1765 confitebantur.
1039 1732 1052 1757 ι
1081 1696 1239 1761 intanto
1268 1696 1345 1780 suge
1367 1697 1511 1781 penculo
1534 1718 1594 1761 rex

243 1716 1109 1901 mimici
1140 1819 1231 1901 quod
1261 1818 1462 1901 pauperibus
1492 1818 1502 1881 i
1527 1819 1595 1911 sius

844 40 895 89 ru
942 39 1209 108 aarum»,
1381 58 1647 147 ‚MA-W&
1810 82 1816 101 ι
1984 87 2031 106 ,ι

1576 146 1585 165 s

995 155 1168 185 Ψ

436 258 514 317 ¹)
591 240 1017 338 raanranoas''
1097 283 1249 340 saorra.
1478 240 1595 363 [³9
1668 270 1677 285 '
1739 304 1759 335 ἢ.
1829 264 1874 357 „j

258 366 265 379 ι
311 368 354 429 ,-χ
369 356 397 399 tv:

269 438 292 465 s.

128 470 176 557 ,lt
206 466 443 545 ‘'habencium
467 480 668 546 destinatum
698 479 809 546 locum
840 493 965 565 aptum,
996 492 1046 547 set
1104 482 1169 549 rius
1199 493 1402 548 armatorum
1434 480 1772 573 ³‚IQQ1A·⁰·1³¹⁴·

242 603 422 721 Q
438 603 495 685 qui
525 623 611 666 nunc
637 622 658 667 a
688 603 790 668 latere
819 603 926 687 solent
956 613 1117 669 constare.
1178 605 1247 670 Ubi
1283 606 1435 671 viderunt
1474 582 1595 671 {cotos
1640 595 1741 607 ’“““
1805 550 1960 668 &3²³²

247 724 399 807 collapsis
423 723 455 786 in
479 677 781 789 lffirociter
802 726 932 803 instare,
954 725 1093 810 sagittas
1122 726 1257 809 quidam
1280 726 1315 790 in
1337 725 1442 790 altum
1465 745 1595 791 casuras

245 847 331 911 inter
358 845 505 911 hostium
536 847 679 911 cassides
708 846 880 925 incassum,
909 849 1046 931 quidam
1075 868 1153 910 vero
1185 848 1218 911 in
1248 848 1409 914 directum
1440 848 1596 913 iacientes

246 965 423 1032 Scotorum
444 988 567 1050 paucos
589 989 610 1032 a
633 979 774 1050 pectore,
797 967 986 1052 Anglorum
1017 969 1139 1034 multos
1169 990 1189 1033 a
1219 978 1322 1052 tergo,
1345 990 1522 1035 necueree
1538 968 1595 1034 Sic

1513 1061 1632 1085 μ

245 1088 329 1152 redit
343 1089 376 1152 in
392 1087 528 1151 nihilum
543 1088 695 1153 hesterna
709 1110 843 1174 pompa,
856 1110 933 1172 rege
948 1110 1023 1154 cum
1039 1089 1202 1174 episcopis
1217 1100 1250 1154 et
1266 1091 1503 1174 Dispensatore
1517 1092 1595 1174 suge
1614 1110 1700 1174 might
1712 1110 1740 1160 or

244 1209 426 1290 presidium
444 1210 628 1293 arripiente,
643 1207 766 1293 quem²
787 1231 854 1274 non
873 1211 1040 1294 ingenium
1059 1212 1199 1276 mortale
1214 1232 1273 1276 nec
1289 1212 1419 1295 agilitas
1434 1233 1594 1296 equorum
1614 1176 1730 1297 edward.

243 1340 302 1394 aut
323 1278 489 1395 {imm
520 1330 666 1396 locorum
696 1351 716 1395 a
745 1340 883 1415 captura
916 1330 1094 1396 Scotorum
1125 1332 1328 1413 liberassent,
1359 1334 1420 1397 nisi
1441 1335 1595 1417 precibus

1728 1384 1751 1433 1
1916 1424 1919 1429 Ι

245 1472 302 1515 sue
325 1452 439 1516 matris
456 1450 615 1529 Christus,
632 1454 688 1547 ui
704 1474 764 1543 er
780 1454 926 1517 medium
945 1454 1329 1549 Irrdeorfflfpffipg
1342 1420 1607 1546 {bibatffi
1665 1393 1714 1495 (id
1800 1378 1908 1492 sivi
1925 1395 2043 1489 ΞΗ]

1778 1526 2047 1567 μ’»,

1667 1656 1735 1725 -Jsl',
1754 1654 1857 1737 dileat

246 1936 443 2014 Carmelitis,
459 1939 573 2003 matris
594 1939 658 2003 Dei
678 1938 777 2004 titulo
799 1938 984 2023 specialiter
1004 1939 1175 2023 insignitis,
1190 1940 1341 2004 fundaret
1358 1940 1595 2005 monasterium
1616 1947 1659 1999 He
1669 1964 1737 2000 vows

969 2059 1123 2125 iratribus
1138 2061 1249 2125 studio
1264 2061 1411 2143 teologie
1426 2061 1596 2144 deputatis
1614 2014 1770 2130 {insurgam-

1614 2145 1749 2196 Carmelite

243 2180 285 2244 de
307 2182 572 2264 competentibus
596 2182 749 2265 expensis
778 2180 975 2246 subveniret.
1019 2181 1145 2245 Votum
1177 2180 1376 2246 ratificatum
1405 2203 1425 2246 a
1456 2183 1594 2247 domino
1614 2220 1763 2276 mmm,

135 2325 143 2335 ·
243 2321 331 2403 papa
348 2301 497 2366 Iohanne
512 2301 596 2395 xxij.
614 2323 674 2366 rex
690 2303 878 2386 complevit,
894 2301 1070 2385 pallacium
1088 2322 1184 2366 suum
1207 2302 1350 2381 Oxonie,
1367 2297 1555 2431 wel
1564 2301 1594 2368 le

244 2421 388 2515 Spenser
416 2423 635 2507 dissuadente,
666 2424 820 2489 tratribus
843 2424 998 2506 predictis
1029 2423 1062 2486 in
1109 2444 1200 2487 uram
1224 2433 1258 2487 et
1288 2422 1481 2506 perpetuam
1504 2422 1594 2488 hele-

243 2508 408 2609 mdsiriarn'
431 2530 660 2628 assignando,
697 2566 784 2609 anno
822 2545 915 2627 regni
951 2545 1003 2608 sui
1016 2508 1082 2632 (ΟΙ
1103 2528 1136 2623 ⁶³,
1159 2545 1284 2609 domini
1331 2565 1463 2628 quoque
1508 2566 1595 2629 pape
1758 2562 1762 2573 ’

243 2665 401 2730 Iohannis
424 2667 563 2748 predicti
588 2631 604 2747 i
613 2616 694 2728 ἡ,
719 2713 751 2774 κ

329 2785 432 2851 Anno
450 2786 573 2851 Christi
591 2799 763 2850 mcccxv.
781 2784 873 2851 Scoti
889 2785 951 2849 sub
968 2786 1089 2850 ducatu
1108 2786 1265 2850 Edwardi
1280 2785 1312 2850 le
1326 2785 1468 2870 Bruyus,
1483 2786 1539 2870 qui
1558 2808 1595 2851 se
1613 2789 1772 2905 nri-'iim
1814 2860 1817 2867 ,
1868 2852 1887 2895 ,ο

244 2907 320 2972 fecit
346 2929 366 2971 a
397 2909 464 2972 suis
488 2928 599 2992 regem
627 2907 788 2970 Hibernie
821 2907 994 2983 nominari,
1020 2904 1151 2970 vexillis
1177 2905 1368 2989 desplicatis
1399 2908 1765 2985 Hibemiammffl
1801 2926 1813 2947 ’-

242 3029 388 3113 ingressi,
404 3029 466 3093 sub
481 3027 606 3092 vexillo
627 3028 753 3092 domini
778 3026 935 3091 Iohannis
957 3027 1000 3090 de
1022 3026 1258 3110 Birmingham‚
1273 3039 1353 3093 tunc
1372 3030 1456 3113 regis
1470 3027 1595 3114 Anglie
1612 3000 1763 3117 iffipgoe

242 3152 420 3227 iustiniani,
436 3171 511 3215 cum
528 3170 589 3213 suo
605 3150 801 3232 seudo-rege
816 3149 945 3212 luerunt
961 3148 994 3211 in
1009 3168 1146 3211 numero
1163 3149 1311 3214 maximo
1328 3149 1496 3214 interfecti.
1612 3131 1732 3183 desm-

257 3233 388 3255 ,nnn-

331 3271 461 3335 Eodem
484 3282 634 3355 tempore
656 3271 689 3334 in
713 3269 840 3353 Anglia
865 3269 964 3334 nimis
986 3267 1191 3332 invaluerunt
1214 3270 1406 3351 pestilencia
1429 3280 1462 3334 et
1480 3269 1593 3346 sames,
1611 3250 1768 3329 1815218'10.
1914 3250 1973 3345 ,i

243 3392 410 3474 quarterio
425 3391 577 3456 frumenti
594 3390 640 3454 xl.
656 3389 769 3455 solidis
785 3388 1016 3474 sterlingorum
1033 3391 1223 3473 appreciato
1234 3387 1260 3454 ⁴.
1612 3353 1761 3469 ffiffid
1783 3341 1825 3467 fs
1860 3372 1877 3443 ‘¹
1896 3362 1950 3403 ·’·“·

328 3513 430 3578 Anno
464 3511 663 3595 M.ccc.xvj.,
692 3513 819 3579 domini
849 3532 937 3595 pape
972 3510 1133 3574 Iohannis
1161 3510 1307 3575 vicesimi
1341 3512 1474 3576 secundi
1505 3531 1592 3576 anno
1611 3483 1759 3633 &aa
1783 3560 1845 3611 ‘s

242 3633 359 3717 primo,
375 3634 511 3698 admissi
534 3634 600 3698 duo
623 3633 806 3698 cardinales
829 3633 863 3695 in
884 3630 1045 3714 Angliam
1068 3641 1103 3695 et
1127 3630 1280 3696 Scociam
1300 3652 1360 3716 pro
1387 3652 1469 3715 pace
1491 3633 1592 3696 ret'or-
1612 3698 1744 3750 caninus

243 3756 366 3819 manda
389 3754 475 3819 inter
498 3774 607 3838 regna,
629 3753 744 3818 habito
767 3773 842 3818 cum
866 3773 944 3836 rege
966 3750 1093 3831 Anglie
1114 3763 1266 3832 tractatu,
1283 3753 1466 3817 itinerando
1481 3773 1593 3817 versus
1611 3774 1704 3817 sentto

243 3874 364 3939 Scotos
388 3876 422 3939 in
446 3876 637 3959 episcopatu
661 3873 879 3939 Dunelmensi
902 3873 1033 3937 fuerunt
1060 3874 1232 3956 depredati
1255 3893 1314 3957 per
1341 3872 1526 3938 Gilbertum
1550 3873 1593 3938 de
1612 3847 1741 3962 &³:oe
1775 3910 1778 3915 ·

244 3997 421 4062 Midiltone
444 3996 594 4072 militem,
617 3997 674 4080 qui
690 4006 807 4080 postea
823 3995 929 4061 suerat
946 3994 1086 4079 proinde
1104 4016 1280 4079 suspensus
1296 4004 1328 4059 et
1344 3995 1377 4058 in
1393 3994 1593 4078 quarterias⁶
1611 3963 1714 4016 ”M

420 4151 428 4184 ¹
447 4162 619 4209 armatorum
631 4162 719 4222 terga.
740 4153 771 4206 Β.
913 4148 1035 4222 'quam
1054 4151 1087 4204 B.
1227 4147 1361 4204 'Blanh
1381 4151 1414 4206 B.

656 4239 668 4270 ⁴
685 4238 817 4312 apprecii.
837 4241 870 4295 Β.
976 4235 988 4268 ⁵
1005 4248 1126 4310 quartas.
1144 4239 1177 4295 B.

906 4359 929 4409 C
