4282 4890
1551 170 1563 221 s
1702 126 1770 225 (ἦ,
1779 110 1836 195 ;..ξ’-ι
1844 72 1890 179 ,ἶ

480 272 521 335 88
915 276 1161 332 cleor-vlcorv
1181 276 1386 332 erasnm!
1470 228 1604 367 (ω’-’Π
1651 220 1664 237 ’
1740 150 1756 283 Ι

303 499 459 554 annuus,
479 480 574 546 nacio
596 478 710 546 Scotia
732 479 840 544 nescia
862 478 946 562 suge,
964 489 1007 556 et,
1022 479 1187 562 capitibus
1209 477 1294 543 ferro
1316 478 1412 544 tectis
1435 478 1605 557 inclinatis,
1621 479 1707 546 acies
1728 479 1832 548 densa

304 593 433 684 fflffi
516 601 643 685 nglicos
676 601 841 677 invadens,
870 600 1052 666 cassidibus
1085 599 1203 703 Q
1226 610 1259 663 et
1289 600 1490 664 umbonibus
1515 621 1652 707 ‘'Q-effi
1682 601 1833 682 firmatis,
1904 537 2106 701 ΜΨ*

303 697 425 825 ἓξοᾝξέ*
479 724 618 807 sagittas
638 721 856 806 Anglicorum
880 722 913 785 in
934 721 1116 804 primordio
1138 720 1216 785 belli
1237 720 1424 799 frustravit3
1447 731 1497 785 set
1517 732 1721 788 armatorum
1744 725 1834 791 acies
2010 694 2019 707 Ι

306 842 336 896 ¹⁷
349 830 404 882 ⁰⁰2
479 844 587 929 prima
616 843 746 909 ictubus
768 836 921 907 letalibus
943 842 1054 907 hostes
1082 842 1247 907 salutavit.
1292 840 1391 906 Stant
1421 863 1586 926 pugnaces
1616 864 1660 908 ex
1692 855 1832 929 utraque

479 975 573 1049 parte
595 963 694 1029 morti
716 984 817 1047 quarn
847 963 923 1047 luge
945 964 1140 1048 paraciores.
1184 960 1480 1085 Qotos
1505 985 1564 1048 pre
1587 964 1699 1030 labore
1728 965 1831 1032 fessos
1885 888 1961 1103 syl
2012 954 2089 1107 U
2124 1056 2128 1060 .

479 1085 609 1151 ictubus
627 1081 1048 1189 sffsslidfflfifffffiaspfflf
1074 1084 1120 1150 sic
1143 1084 1298 1160 atonitos,
1318 1093 1352 1148 et
1374 1093 1486 1149 tamen
1509 1094 1643 1163 stantes,
1658 1088 1749 1169 quod
1773 1088 1831 1151 ubi

479 1205 588 1271 forsan
610 1216 770 1272 steterunt
793 1178 923 1284 dec-em,
939 1180 1059 1290 singuli
1081 1205 1219 1290 singulis
1241 1204 1424 1288 appodiati,
1447 1204 1490 1270 ad
1514 1226 1615 1270 unum
1639 1207 1740 1273 ictum
1764 1228 1830 1273 uno
2024 1146 2119 1395 7

479 1338 592 1392 ruente
607 1348 721 1393 omnes
740 1326 814 1392 illos
832 1328 945 1392 decem
963 1347 1132 1404 corruere3
1155 1326 1248 1431 sigud
1269 1324 1449 1417 retulgtrun
1464 1325 1510 1419 bij
1531 1327 1588 1435 Μ
1606 1327 1758 1442 fflfifutn
1772 1349 1831 1394 eos

478 1450 658 1543 Q
688 1448 901 1514 Marescallus
920 1447 1107 1527 Scotorum,
1122 1468 1233 1513 comes
1253 1446 1421 1524 Patricius,
1433 1447 1486 1563 cpi
1502 1448 1665 1537 posterior
1678 1449 1831 1515 custodia

405 1584 408 1591 '
479 1570 836 1669 sUQQePQUi
859 1570 966 1654 primo
993 1570 1139 1653 percepit
1162 1567 1323 1652 Anglicos
1354 1554 1503 1634 resistere
1531 1568 1675 1654 suosque
1703 1552 1832 1649 cadere,

417 1692 425 1705 '
478 1691 591 1775 fugam
624 1691 695 1756 iniit
728 1711 804 1757 cum
825 1691 1025 1775 quibusdam
1054 1690 1175 1756 conciis
1201 1710 1260 1754 sue
1287 1689 1449 1768 vecordie,
1470 1709 1572 1772 quarn
1601 1690 1757 1756 dominus
1788 1693 1832 1757 de

481 1812 585 1897 Percy
601 1813 718 1877 eodem
735 1813 788 1876 die
803 1812 1014 1896 prophetavit
1037 1812 1169 1877 dicens:
1207 1809 1389 1876 ‘Vecordia
1413 1810 1498 1874 illius
1525 1812 1712 1895 proditoris,
1734 1833 1830 1877 nurn-

478 1953 578 2017 quam
598 1933 668 1997 ausi
684 1933 780 1997 nobis
803 1934 835 1996 in
857 1946 976 2017 campo
995 1934 1099 1999 eciam
1115 1932 1258 2008 obviare,
1278 1931 1351 2014 plus
1374 1931 1522 2014 proficiet
1538 1944 1652 1998 nostro
1670 1934 1830 1999 exercitui

479 2074 580 2137 quarn
603 2064 756 2119 nocerent
784 2053 874 2117 mille
900 2051 1013 2119 Scoti‘
1072 2053 1134 2118 Illo
1161 2052 1274 2136 lugam
1302 2052 1441 2130 ineunte,
1464 2055 1562 2119 ceteri
1585 2054 1726 2120 fideliter
1753 2075 1829 2122 cum

479 2195 540 2240 suo
556 2195 633 2257 rege
647 2174 857 2258 persistentes
872 2175 1021 2259 pulcram
1042 2186 1185 2239 mortem
1204 2173 1293 2257 turpi
1310 2173 1378 2237 vite
1400 2174 1614 2258 pretulerunt.
1660 2174 1831 2242 Steterunt

620 2294 628 2311 Ο

479 2314 554 2359 nem
618 2316 628 2358 1
670 2296 807 2360 modum
825 2306 899 2360 rotu
923 2297 998 2362 det
1039 2295 1082 2360 ris
1099 2294 1282 2379 glomerati,
1298 2314 1407 2377 regem
1428 2295 1460 2358 in
1480 2296 1590 2361 medio
1610 2308 1830 2381 protegentes,

300 2436 338 2515 x'r'
479 2315 1151 2501 &Semta
1180 2417 1372 2500 superstites
1402 2416 1514 2494 relicti,
1537 2418 1580 2483 de
1611 2418 1732 2501 quibus
1764 2438 1831 2484 non

239 2526 303 2641 (ᾗ
341 2562 391 2771 Υ)
478 2539 588 2622 potuit
609 2537 728 2622 aliquis
750 2536 904 2622 affugere.
948 2538 1100 2603 Tandem
1129 2557 1244 2602 eorum
1268 2557 1344 2621 rege
1367 2537 1477 2603 David
1501 2559 1559 2622 per
1582 2538 1765 2604 Iohannem
1788 2540 1831 2604 de

205 2632 266 2705 Ἀθ
403 2609 448 2703 ss
481 2658 654 2744 Copelond
671 2660 840 2744 captivato
855 2671 888 2724 et
907 2670 1091 2726 ceterorum
1112 2658 1261 2743 quolibet
1279 2659 1389 2724 occiso
1412 2670 1469 2723 aut
1490 2660 1830 2753 rgpffljgnggeser-

171 2768 176 2781 ⁴
281 2768 288 2789 '¹
478 2740 708 2858 iffi-lorum
724 2781 799 2847 dico
810 2782 868 2864 qui
887 2802 962 2847 cum
978 2802 1054 2866 rege
1069 2781 1291 2866 perstiterunt,
1306 2779 1389 2845 alios
1405 2780 1561 2864 fugitivos
1577 2782 1831 2865 insequebantur

480 2902 661 2967 occidendo
683 2912 716 2966 et
739 2902 901 2985 capiendo
923 2903 1091 2985 usquead
1115 2900 1280 3005 Qu
1301 2911 1335 2965 et
1359 2898 1573 2993 Corebrigge,

567 3020 606 3085 In
628 3032 723 3087 tanto
745 3023 922 3088 certamine
945 3023 1074 3087 luerunt
1097 3043 1134 3088 ca
1159 3022 1186 3086 ti
1214 3021 1324 3086 David
1346 3022 1390 3087 de
1412 3020 1538 3105 Bruys²
1560 3042 1620 3086 rex
1643 3021 1829 3101 Scotorum,

480 3162 591 3208 comes
631 3144 673 3207 de
703 3142 864 3221 Menteth,
894 3163 1005 3209 comes
1037 3044 1207 3219 dequ÷e
1238 3142 1393 3206 dominus
1423 3141 1623 3208 Malcolmus
1656 3142 1829 3227 Flemyng,

479 3282 590 3331 comes
619 3264 662 3328 de
687 3261 866 3365 Wixlffllel
904 3261 1089 3328 Willelmus
1119 3262 1280 3346 Douglas,
1311 3260 1497 3327 Willelmus
1525 3264 1569 3328 de
1598 3263 1830 3347 Levingstone,

479 3384 648 3450 Walterus
676 3385 720 3449 de
734 3348 979 3461 ‘Hafiburtone
1006 3384 1170 3449 Iohannes
1200 3382 1367 3467 Dowglas,
1395 3383 1505 3448 David
1535 3385 1578 3449 de
1606 3383 1740 3465 Anand,
1774 3385 1829 3450 Io·
1874 3364 1890 3397 Γ
1973 3392 1978 3407 “
2009 3375 2074 3409 ’”“”
2097 3402 2120 3420 ·

480 3506 604 3572 hannes
636 3506 679 3570 de
709 3503 803 3571 Seint
837 3502 941 3582 Clere,
970 3503 1157 3570 Willelmus
1183 3504 1371 3588 Mombray,
1401 3505 1511 3570 David
1542 3504 1599 3570 fitz
1621 3468 1758 3571 bobert
1787 3506 1830 3571 fiz

481 3624 597 3705 Cante,
608 3625 794 3691 Willelmus
809 3628 852 3691 de
864 3626 1022 3710 Ramsey,
1033 3626 1148 3691 Adam
1169 3626 1315 3709 Moigne,
1332 3626 1495 3692 Iohannes
1511 3625 1663 3704 Stiward,
1677 3626 1830 3710 Rogerus

480 3750 523 3814 de
538 3747 776 3832 Kyrkepatrik,
795 3746 959 3813 Iohannes
983 3747 1104 3826 Hume,
1119 3758 1153 3813 et
1171 3745 1358 3811 Willelmus
1381 3747 1501 3827 Morre,
1524 3747 1663 3826 milites3
1689 3749 1830 3814 Iacobus

482 3867 715 3946 Sandelflome,
738 3868 880 3934 Iacobus
903 3869 1035 3947 Lorein,
1057 3878 1091 3933 et
1119 3868 1283 3934 Henricus
1311 3866 1365 3933 del
1392 3867 1473 3946 Ker,
1497 3868 1675 3933 domicelli.
1720 3868 1830 3937 Occisi

463 3990 665 4106 ωτι
688 3990 806 4054 eodem
829 3989 917 4054 bello
939 4009 1050 4055 comes
1071 3991 1114 4055 de
1136 3988 1248 4068 Moril,
1265 3998 1299 4054 et
1321 4009 1432 4055 comes
1454 3989 1497 4054 de
1506 3935 1845 4068 ..S-trat-eineffln'

479 4113 676 4179 Alexander
699 4110 832 4196 Stragy,
856 4110 1019 4176 Iohannes
1042 4112 1084 4177 de
1108 4110 1350 4196 Halybortone,
1367 4109 1529 4176 Henricus
1551 4111 1594 4175 de
1617 4108 1829 4195 Rammesey,

643 4247 865 4322 ¹capitatorum.
885 4250 919 4305 B.
1483 4245 1609 4319 ¹erays.
1628 4248 1663 4303 Β.
