4282 4890
765 100 875 145 lt'1'
1014 112 1058 147 “·,
1295 88 1325 137 ’ὶῖ
1380 102 1397 133 li
1516 90 1523 129 Ι·

845 168 849 178 ·
949 150 1058 205 ,,-..’
1137 186 1201 199 -....
1237 140 1307 197 Α..-]
1329 128 1395 211 fil„
1431 201 1434 204 ,
1519 136 1567 205 i³
1597 138 1601 173 ²

970 287 1154 346 CHRONIC
1155 289 1215 344 ΟΝ
1243 286 1448 342 GALFRIDI

312 504 347 554 A.
350 507 384 556 n.
388 505 468 555 1³2⁸.
576 490 652 554 Hoc
667 510 761 567 anno,
774 510 807 553 rn
849 488 991 554 uindena
1007 488 1117 563 Pasce,
1129 487 1294 553 celebrato
1307 487 1391 570 regis
1407 485 1540 551 nomine
1550 495 1600 550 set
1612 506 1677 551 non
1694 483 1842 570 ingenio¹

312 595 464 689 affin,
488 609 706 695 parliamento
739 509 1146 694 mm
1175 618 1225 673 est
1254 618 1291 672 tu
1332 609 1359 673 is
1424 629 1470 672 ax
1499 609 1583 671 inter
1614 604 1783 694 Anglicos
1809 615 1843 671 et

311 701 443 831 mppr·
490 730 640 809 Scotost,
671 741 834 796 convento
870 732 954 795 inter
991 729 1064 796 illos
1094 732 1184 813 quod
1216 728 1303 794 Davr
1393 750 1443 792 rus
1472 728 1612 793 Roberti
1641 727 1673 791 le
1702 728 1843 810 Bruyus,

312 832 470 949 {ffifflffl
488 853 668 935 adoptatus
698 863 734 916 ut
769 852 1019 936 prediximus
1009 872 1042 915 rn
1077 871 1187 934 regern
1218 850 1421 926 Scotorum³,
1454 849 1624 914 dominam
1657 847 1843 913 Iohannam

487 994 633 1061 sororem
660 973 748 1056 regis
770 972 894 1056 Anglie
916 974 1049 1038 duceret
1073 973 1106 1036 in
1127 992 1275 1051 uxorem,
1297 981 1330 1035 et
1353 969 1489 1054 pacifice
1511 990 1587 1035 cum
1610 969 1667 1034 illa
1692 979 1843 1052 regnaret

487 1115 548 1159 suo
571 1092 660 1158 iure⁴
681 1086 780 1178 super
797 1062 942 1171 'Scotos;
983 1082 1073 1175 quod
1100 1103 1134 1156 et
1161 1102 1277 1174 postea
1302 1091 1438 1156 effectus
1459 1091 1666 1174 sequebatur.
1712 1090 1843 1155 Eodem

487 1234 621 1297 quoque
643 1234 730 1279 anno
754 1235 814 1278 rex
840 1212 965 1297 Anglie
991 1213 1125 1291 iuvenis,
1148 1233 1215 1277 non
1241 1233 1357 1295 regens
1383 1232 1444 1276 nec
1469 1211 1554 1275 bcne
1582 1221 1690 1276 rectus
1711 1220 1761 1275 set
1784 1232 1843 1295 per

313 1355 418 1407 maner
487 1336 674 1418 proditores
706 1334 855 1413 ductus⁶,
886 1334 962 1399 iecit
995 1333 1104 1401 Scotis
1134 1345 1259 1398 cartam
1267 1333 1289 1412 ⁶,
1315 1334 1407 1399 cuius
1434 1332 1558 1398 tenoris
1580 1342 1614 1396 et
1639 1332 1843 1398 continencie

312 1421 455 1538 ffieputo
487 1455 603 1521 series⁷
619 1456 838 1521 communiter
857 1456 1034 1539 ignoratur,
1051 1464 1084 1519 et
1103 1466 1203 1532 carta,
1218 1475 1277 1539 per
1297 1475 1398 1536 quam
1416 1452 1636 1519 communitas
1657 1451 1842 1531 Scotorum,

489 1597 554 1641 una
573 1597 648 1642 cum
667 1597 748 1660 ,rege
773 1576 918 1641 Iohanne
941 1577 983 1641 de
1006 1573 1146 1658 Bayliol,
1168 1596 1229 1658 pro
1253 1576 1331 1658 ipsis
1353 1585 1386 1639 et
1410 1595 1525 1639 eorum
1547 1574 1787 1639 successoribus
1809 1574 1843 1638 in

488 1703 685 1776 perpetuum
708 1714 744 1756 se
767 1693 857 1777 ipsos
879 1693 947 1776 regi
970 1692 1095 1777 Anglie
1113 1692 1333 1757 submiserunt
1356 1689 1413 1777 (et,
1435 1691 1468 1755 in
1489 1690 1585 1755 huius
1607 1691 1842 1770 testimonium,

488 1814 574 1897 regis
591 1813 705 1879 Scocie
719 1813 872 1898 sigillum,
888 1835 953 1878 una
969 1834 1044 1878 curn
1060 1812 1174 1897 sigillis
1189 1832 1361 1896 procerum
1378 1821 1411 1876 et
1426 1811 1628 1897 prelatorum
1641 1811 1725 1876 illius
1741 1813 1842 1895 regni,

487 1932 611 1999 suerat⁸
631 1935 739 2000 eidem
758 1945 847 1999 carte
861 1935 1068 2018 appensum),
1086 1935 1118 1998 in
1137 1945 1315 2018 conspectu
1334 1933 1545 1999 conciliorum
1564 1933 1732 2017 utriusque
1750 1933 1842 2017 regni

488 2076 587 2139 super
612 2055 747 2139 longam
774 2056 904 2120 hastam
936 2065 1112 2139 apportata
1138 2066 1239 2137 atque
1262 2054 1358 2132 lecta,
1381 2054 1441 2118 suit
1467 2054 1602 2118 omnino
1628 2063 1782 2120 revocata
1807 2066 1841 2120 et

314 2185 440 2302 §2133
488 2197 600 2241 coram
631 2177 783 2242 omnibus
809 2178 982 2243 combusta
1011 2178 1100 2282 apud
1129 2176 1366 2269 Berffircum.
1398 2175 1478 2253 Ubi,
1505 2176 1704 2259 desponsata
1729 2197 1843 2242 sorore

313 2319 392 2448 praee
402 2316 464 2431 wush
489 2298 574 2381 regis
604 2297 736 2381 Anglie,
767 2297 828 2363 suit
858 2307 1051 2376 coronatus;
1097 2307 1130 2362 et
1160 2296 1292 2362 oblatus
1325 2294 1462 2361 altari
1452 2317 1560 2380 ipsum
1591 2296 1767 2361 maculavit
1797 2318 1841 2361 ex

331 2399 438 2433 Oannsso

143 2418 161 2463 b
187 2458 201 2485 «ι.
315 2448 439 2514 England
489 2417 681 2502 dissentiriis
704 2439 787 2502 quas
812 2418 967 2502 parvulus
990 2419 1188 2503 paciebatur,
1212 2420 1299 2484 unde
1326 2419 1461 2500 quidam
1489 2415 1676 2495 Scotorum,
1701 2418 1842 2483 Iacobus

490 2539 657 2624 Dowglas,
678 2540 766 2604 dixit
787 2541 855 2604 suis
876 2540 1009 2606 amicis:
1036 2536 1190 2618 ‘Timeo,’
1210 2540 1418 2621 inquiens⁹,‘
1429 2559 1471 2603 ne
1493 2538 1555 2602 iste
1574 2548 1683 2602 totum
1704 2559 1841 2621 regnum

143 2692 282 2757 ¹.
279 2684 282 2691 ·
313 2674 452 2792 ssffi,
491 2659 607 2726 Scocie
622 2661 665 2725 sit
682 2659 868 2726 sedaturus’
879 2657 915 2723 ¹⁰.
952 2661 1145 2726 Vocabatur
1160 2661 1203 2725 ab
1219 2648 1276 2725 illo
1296 2681 1374 2727 casu
1390 2681 1410 2724 a
1426 2658 1696 2724 blasfemantibus
1711 2659 1841 2725 ‘David

490 2778 766 2906 ἀτξὴεωῐεῐηῑ.
1057 2842 1059 2846 ,
1998 2804 2029 2863 5³

612 2922 763 2965 mniumr
829 2922 862 2964 m
876 2901 1066 2966 Scocielste
1106 2924 1208 2967 rnnus
1218 2903 1280 2967 furt
1291 2902 1366 2968 oleo
1383 2911 1499 2967 sancto
1554 2899 1748 2966 runctus¹²
1739 2921 1771 2964 rn
1781 2922 1841 2973 sua
1957 2920 1965 2993 J
2011 2894 2027 2925 “¹

1955 3000 1959 3025 Ι
2035 3026 2044 3053 Ι

476 3021 931 3156 Qssecierunt
961 3020 1089 3086 Scoti
1080 3043 1113 3085 rn
1140 3022 1359 3106 parliamento
1386 3022 1530 3086 Eboraci
1559 3008 1649 3105 quod
1675 3021 1758 3105 lapis
1787 3042 1798 3084 1
1823 3042 1842 3086 e

489 3141 633 3225 grandis,
648 3141 705 3224 qui
722 3140 816 3206 iuxta
832 3162 989 3224 magnum
1004 3140 1136 3207 altare
1126 3163 1160 3206 rn
1175 3142 1470 3208 Westmonasterio
1487 3143 1549 3207 sub
1567 3141 1669 3225 regali
1684 3142 1841 3207 cathedra

490 3263 639 3347 ligaturis
665 3263 776 3328 ferreis
805 3263 939 3328 ecclesie
964 3263 1179 3329 fundamento
1205 3264 1418 3343 incatenatur,
1441 3283 1539 3347 super
1564 3283 1664 3346 quem
1689 3263 1841 3330 solebant

492 3450 628 3519 lobanna,
647 3453 744 3508 volens
769 3450 891 3523 seipsam
909 3453 1091 3523 comprobare
1109 3451 1196 3508 fuisse
1214 3453 1300 3508 filiam
1321 3452 1476 3523 legitimam
1496 3450 1569 3523 regis
1589 3452 1715 3520 Francis,
1734 3453 1840 3510 scilicet

490 3539 650 3610 Ludowyci,
661 3541 700 3595 ad
712 3540 755 3595 sui
768 3538 934 3595 instanciam
945 3539 997 3596 fuit
1009 3539 1135 3612 exposita
1147 3541 1223 3596 nuda
1235 3541 1363 3600 leonibus
1374 3542 1449 3597 farne
1460 3540 1545 3596 trium
1557 3540 1666 3596 dierum
1675 3541 1841 3609 molestatis,

490 3628 538 3700 qui
552 3627 644 3700 ipsam
663 3637 693 3683 ut
706 3629 793 3683 filiam
805 3627 911 3699 regiam
923 3639 1088 3685 venerantes
1105 3629 1220 3684 omniuo
1232 3647 1290 3684 non
1304 3628 1453 3700 tetigerunt
1465 3646 1472 3696 ;
1492 3629 1568 3684 unde
1582 3646 1699 3699 reguum
1713 3630 1841 3685 Navarre

491 3715 608 3788 petitum
622 3717 712 3772 suerat
723 3715 759 3772 eii
772 3726 799 3773 et
812 3733 864 3788 per
874 3715 965 3788 ipsam
977 3733 1028 3772 suo
1040 3715 1142 3773 marito
1154 3718 1345 3774 condonatum
1358 3717 1462 3772 iudicio
1474 3727 1502 3774 et
1514 3716 1620 3788 pietate
1636 3715 1745 3788 parium
1762 3715 1840 3787 regni

492 3804 682 3859 Francorum!

527 3891 537 3924 ¹
553 3897 597 3947 set
608 3909 665 3946 non
677 3889 750 3964 ἕης]
765 3908 819 3947 om.
838 3890 882 3948 13².
1305 3891 1316 3925 ²
1332 3899 1362 3948 et
1372 3891 1479 3963 Scotos]
1494 3909 1547 3948 om.
1566 3890 1610 3948 B'.

526 3976 538 4010 ⁸
555 3980 650 4051 adopt.
664 4020 671 4036 .
684 4019 692 4035 .
705 4019 712 4035 .
726 4019 733 4036 .
746 3978 831 4051 Scot]
845 3998 899 4037 om.
919 3978 962 4036 13².
1311 3979 1323 4011 ¹
1340 3997 1392 4035 suo
1402 3977 1478 4050 iure]
1492 3998 1546 4035 om.
1565 3978 1610 4036 13².

526 4065 538 4098 ⁶
554 4067 663 4123 Eodem
677 4108 684 4124 .
698 4107 705 4123 .
718 4108 726 4125 .
739 4107 747 4122 .
758 4066 870 4140 ductus]
885 4071 957 4125 Item
968 4084 1018 4124 rex
1029 4067 1132 4140 Anglie
1143 4066 1251 4125 iuvenis
1263 4077 1290 4124 et
1303 4068 1395 4140 prima
1405 4078 1480 4126 etate
1492 4067 1624 4125 existens·
1643 4065 1687 4123 13¹.

526 4153 538 4186 ⁶
556 4164 658 4211 cartas.
676 4157 710 4211 Β.
722 4153 768 4214 13².
886 4153 897 4188 ⁷
915 4173 970 4213 om.
989 4154 1032 4212 13².
1150 4153 1296 4212 ‘fuerant
1315 4158 1348 4212 B.
1362 4155 1405 4212 13².
1527 4153 1539 4189 ⁹
1557 4154 1654 4226 inquit.
1673 4153 1718 4210 13².

526 4240 548 4274 ¹⁰
564 4242 709 4300 {editurus
722 4246 755 4299 B.
1052 4243 1072 4277 ¹¹
1091 4243 1146 4303 drit
1157 4255 1245 4302 auter.
1264 4241 1310 4302 B‘.
1529 4242 1551 4278 ¹²
1568 4254 1676 4301 unctus.
1689 4241 1733 4299 13².
