4282 4890
498 307 538 373 18
881 318 884 323 ’
932 310 1176 369 crrnnrvrcorv
1203 284 1408 368 carram!

318 525 477 583 &masaa
494 523 696 598 pensatores,
711 534 795 597 quos
810 523 985 578 execratur
1001 511 1082 596 ipsa,
1091 511 1248 577 videlicet
1263 513 1437 596 episcopus
1450 509 1750 582 Herefordensisra
1760 509 1847 576 Cum

343 617 448 709 {ima
495 637 560 701 isto
575 634 720 701 deflebat
741 655 835 700 casus
854 654 1052 711 communes,
1068 642 1102 697 et
1117 632 1199 697 alias
1220 634 1348 717 rupturi
1369 634 1475 698 cordis
1495 635 1659 718 cogitatus
1673 634 1847 719 expressit.

318 736 411 854 {iffi
424 805 458 869 by
493 757 651 823 Tacentis
674 757 782 820 forsan
805 754 990 838 aliquando,
1013 752 1087 838 plus
1113 753 1199 819 fesse
1220 755 1363 820 lacrimis
1385 776 1486 838 quam
1508 755 1658 839 querelis,
1680 776 1747 820 non
1773 775 1849 839 per·

318 867 399 983 {hiffho'
434 933 463 983 ot
494 877 599 943 mittit
626 897 685 943 nec
710 876 765 941 ille
788 875 914 942 calidus
940 873 1108 959 querelam
1133 873 1237 950 finiri;
1266 884 1318 940 set
1342 875 1459 940 falsam
1489 877 1753 959 compassionem
1786 894 1848 959 pro

319 949 444 1112 Hpeflid
493 1020 592 1065 causa
615 1020 673 1063 sua
688 997 781 1072 veris,
798 1008 850 1062 set
872 1017 932 1080 pro
956 995 1080 1059 iniuriis
1103 996 1214 1079 regine
1237 994 1331 1072 fictis,
1347 996 1494 1080 suspiriis
1516 1007 1550 1061 et
1570 995 1734 1061 nonnullis
1752 996 1847 1060 lacri-

317 1079 434 1180 llncoln.
495 1122 559 1184 mis
588 1129 786 1195 contestans,
811 1139 876 1182 non
899 1117 1011 1181 lenivit
1034 1126 1084 1182 set
1107 1116 1203 1182 auxit
1225 1117 1492 1201 indignacionem
1515 1138 1581 1201 qua
1605 1118 1702 1183 tursit
1723 1118 1855 1200 virago..

494 1240 653 1306 Conscius
683 1251 885 1305 secretorum
918 1249 1132 1321 utrorumque
1161 1236 1267 1302 fuerat
1301 1236 1541 1302 Lincolniensis
1571 1238 1753 1322 episcopus,
1781 1257 1847 1321 qur,

492 1362 598 1426 sciens
613 1381 679 1444 qua
695 1380 794 1425 cavea
809 1357 928 1443 wlpem
945 1359 1110 1463 reweriret
1126 1359 1238 1441 regine
1254 1357 1423 1426 blanditur
1433 1359 1456 1438 ¹,
1472 1358 1615 1424 sofistice
1626 1358 1847 1443 compatitur;

492 1493 536 1560 et,
552 1482 624 1567 ipso
640 1468 1163 1579 consencrmfte]'novamfflam
1179 1481 1370 1545 intestinam
1386 1477 1596 1565 ingeniatur²
1615 1477 1725 1564 presul
1740 1479 1847 1546 Here-

491 1603 663 1681 fordensis,
683 1621 831 1667 asserens
852 1602 964 1685 regine
983 1601 1071 1666 votis
1094 1598 1241 1684 quelibet
1260 1601 1374 1665 votiva
1389 1620 1585 1678 successura,
1604 1602 1632 1664 si
1654 1601 1686 1664 in
1709 1600 1847 1664 Francia

491 1725 626 1788 fratrem
648 1723 784 1789 visitans
806 1733 840 1787 et
864 1731 1018 1804 patruum
1045 1742 1159 1785 eorum
1183 1721 1345 1786 auxilium
1371 1733 1486 1788 contra
1509 1723 1762 1806 Dispensatores
1785 1722 1846 1784 im·

491 1843 854 1927 ploraret.>(Effectivo
876 1841 1015 1907 consilio
1037 1843 1152 1907 votivo
1179 1842 1324 1939 etjpjs
1340 1864 1440 1927 quam
1462 1843 1596 1908 volebat
1622 1843 1847 1907 indubitanter

491 1964 614 2029 efficaci
637 1963 851 2048 applaudens,
867 1963 980 2046 regina
1003 1962 1144 2046 quesivit
1166 1963 1372 2029 occasionem
1394 1963 1635 2029 transfretandi.
1680 1961 1764 2027 Erat
1782 1961 1845 2026 illis

490 2084 616 2160 diebus,
635 2095 672 2149 ut
694 2092 820 2149 tactum
842 2094 902 2159 cst,
925 2083 1092 2148 sentencia
1115 2082 1200 2147 inter
1221 2104 1314 2167 reges
1336 2084 1460 2168 Anglie
1482 2094 1516 2150 et
1539 2084 1677 2149 Francie
1699 2084 1741 2148 de
1763 2103 1846 2167 pace

491 2207 673 2282 tractanda,
699 2204 791 2270 cuius
820 2202 997 2287 legacionis
1028 2203 1183 2268 nuncium
1212 2212 1458 2288 competentem
1485 2215 1654 2290 oporteret
1683 2205 1844 2269 ordinare.

315 2340 444 2392 'stenes
495 2325 580 2409 Regi
596 2324 720 2390 volenti
741 2346 800 2409 pro
819 2335 913 2389 tanto
934 2325 1072 2408 negocio
1092 2323 1321 2390 transfretasse
1341 2326 1576 2392 dissuadebant
1597 2326 1734 2390 comites
1749 2323 1844 2388 Win-

315 2421 432 2603 ἓξὲξ
493 2447 583 2511 tonie
606 2457 640 2511 et
663 2445 876 2519 Gloucestrie,
895 2445 1051 2510 timentes
1074 2466 1124 2522 ne,
1147 2446 1197 2509 sui
1220 2448 1435 2512 contubernio
1457 2448 1586 2531 privati,
1608 2447 1788 2512 inciderent
1810 2446 1844 2510 in

345 2553 360 2588 e

315 2602 464 2655 fromcross·

312 2668 359 2733 lng
370 2675 397 2717 to

313 2735 418 2785 Funus.
492 2707 553 2752 nec
582 2688 749 2752 audebant
775 2707 850 2752 cum
879 2707 956 2770 rege
985 2685 1204 2764 transfretare,
1230 2708 1313 2770 quos
1339 2709 1405 2752 non
1430 2686 1527 2754 latuit
1553 2689 1642 2771 quod
1669 2687 1759 2771 ipsos
1784 2708 1844 2753 rex

135 2890 142 2903 ·
494 2807 695 2873 Francorum
725 2807 871 2872 {accione
905 2807 1024 2871 sororis
1059 2828 1118 2872 sue
1155 2817 1189 2873 et
1226 2807 1349 2892 Rogeri
1384 2810 1427 2873 de
1464 2809 1667 2873 Mortemere
1697 2806 1844 2872 violento

88 2922 94 2929 '
184 2992 190 2999 ,
287 2976 311 3057 )
493 2927 641 2992 veneno³
671 2888 946 3011 odivffigitur,
973 2927 1073 3011 ipsius
1100 2929 1211 3011 regine
1236 2929 1304 2993 iam
1331 2930 1399 3013 regi
1425 2928 1625 2994 blandientis
1650 2938 1844 3011 ceterosque

133 3040 141 3065 ¹
278 3044 284 3057 '
315 3063 463 3130 'rhequeen
493 3067 645 3130 proceres
667 3046 838 3137 prudentis
860 3045 980 3110 femine
1003 3046 1064 3110 sibi
1087 3048 1290 3113 conciliantis
1309 3059 1411 3133 atque
1430 3070 1547 3133 pacem
1569 3070 1744 3134 regnorum
1768 3069 1843 3134 pro·
1895 3068 1902 3079 ·

315 3138 450 3246 &ittam
493 3167 656 3232 mittentis
683 3168 841 3233 instancia
871 3188 936 3232 non
966 3188 1077 3250 parva,
1102 3169 1258 3251 predictis
1282 3190 1415 3253 quoque
1440 3171 1604 3255 episcopis
1629 3171 1663 3235 in
1692 3171 1726 3236 id
1753 3171 1842 3236 idem

313 3261 422 3377 {zm
492 3287 621 3354 occulte
643 3288 793 3354 consules
812 3287 921 3372 regios
940 3288 1179 3373 instigantibus,
1197 3302 1299 3373 atque
1316 3293 1505 3375 proceribus
1527 3314 1588 3376 pro
1611 3293 1725 3358 maiori
1748 3301 1844 3376 parte

491 3411 534 3474 ad
550 3407 615 3474 hoc
630 3409 913 3487 concordantibus,
929 3409 1070 3474 multum
1085 3412 1272 3476 desiderata
1287 3411 1457 3497 legacione
1471 3414 1619 3497 fungitur
1632 3415 1754 3497 regina.
1762 3440 1806 3517 χ

578 3530 681 3595 Anno
704 3529 1177 3615 M.ccc.241sabellaregina,
1211 3533 1298 3617 regis
1328 3534 1531 3599 Francorum
1554 3535 1639 3600 unici
1661 3534 1770 3599 fratris
1792 3535 1841 3598 sui

491 3651 587 3716 unica
611 3672 713 3725 soror,
737 3652 820 3716 caris
844 3662 878 3716 et
901 3652 1094 3717 desideratis
1118 3654 1306 3736 aspectibus
1332 3664 1366 3720 et
1392 3655 1511 3719 osculis
1540 3663 1737 3739 presentata,
1760 3656 1841 3720 dum

487 3772 644 3837 tractavit
663 3772 748 3838 inter
768 3792 861 3856 reges
883 3771 1018 3837 fratrem
1039 3783 1072 3837 et
1093 3775 1256 3852 maritum,
1273 3775 1392 3841 ducem
1412 3775 1616 3859 Aquitannie
1637 3786 1670 3841 et
1686 3777 1841 3842 comitem

491 3891 783 3971 Pontiviacensem,
799 3913 859 3957 rex
874 3893 944 3958 eius
962 3894 1100 3959 maritus
1120 3915 1180 3978 per
1197 3905 1305 3960 totam
1327 3895 1623 3980 Quadragesimam
1645 3908 1679 3963 et
1699 3906 1840 3962 estatem

492 4016 524 4078 in
542 4012 666 4079 Cancia
686 4013 922 4099 perendinavit,
941 4023 978 4078 ut
996 4015 1080 4079 inter
1100 4015 1208 4099 ipsum
1229 4027 1264 4082 ct
1284 4017 1430 4100 reginam
1451 4018 1643 4082 nunciorum
1664 4038 1841 4083 concursus

490 4133 602 4200 faciles
624 4134 771 4213 haberet,
794 4135 907 4218 regina
927 4136 1103 4218 negocium
1121 4157 1182 4221 pro
1204 4133 1296 4220 quo*
1318 4148 1452 4202 venerat
1471 4139 1633 4205 tractanti.
1680 4138 1708 4202 F
1710 4138 1841 4204 inaliter

310 3504 469 3554 A.D.1825.

526 4269 669 4329 ¹blandit.
688 4273 720 4331 B.
827 4269 1024 4343 ’ingeniatus
1042 4273 1075 4329 Β.
1181 4271 1519 4333 'violentumvenenum
1540 4277 1574 4334 B.
1595 4242 1615 4260 r
1667 4275 1751 4331 ⁴om.
1771 4275 1803 4330 B.

1578 4490 1585 4527 f

1553 4526 1596 4589 L,
1638 4526 1643 4533 .
