4282 4890
629 289 687 346 LE
707 288 855 346 BAKER
875 286 936 345 DE
957 287 983 344 S
988 280 1268 346 WYNEBROKE.
1573 280 1615 364 65

263 491 303 557 in
324 491 432 576 prima
453 499 559 569 nocte,
574 490 646 556 celo
664 489 909 578 contenebrato,
927 490 1081 555 dominus
1098 488 1266 555 Galiridus
1290 486 1404 574 Scrop,
1420 487 1616 557 iusticiarius
1634 496 1790 551 maso.

262 612 388 678 domini
404 611 498 695 regis,
513 611 612 675 duxit
629 610 770 675 alterum
785 610 994 689 cardinalem,
1010 610 1133 676 scilicet
1150 610 1323 676 dominum
1339 611 1558 675 Bertrandum
1573 611 1617 676 de
1661 589 1763 604 ’-

264 733 381 798 Monte
399 731 572 809 Favencio,
587 733 685 796 beate
707 732 814 796 Marie
834 731 865 794 in
882 731 1024 815 Aquirio
1039 732 1216 797 diaconum
1226 731 1247 810 ¹,
1262 731 1296 795 in
1317 752 1471 815 magnam
1492 741 1616 796 turrem

262 848 305 917 et'
318 852 430 927 altam,
446 854 622 917 ostendens
641 852 670 916 ei
692 861 799 918 totam
819 861 942 916 terram
964 851 1220 935 circumquaque
1240 872 1353 915 versus
1377 851 1549 918 Franciam
1571 852 1616 917 ad

261 972 411 1057 spacium
448 972 636 1055 quindecim
673 972 889 1037 miliariorum
929 972 963 1036 in
1007 973 1097 1037 omni
1133 982 1228 1056 parte
1263 972 1616 1083 Q-dicens:
1671 970 1713 1024 9
1732 969 1781 1007 ‘'-

262 1094 435 1171 ‘Domine‚
450 1094 623 1160 videturne
643 1095 704 1159 tibi
725 1094 815 1177 quod
837 1082 930 1158 filum
945 1093 1084 1158 sericum
1107 1093 1281 1158 Franciam
1298 1093 1554 1178 circumcingens
1572 1095 1615 1159 sit

263 1212 461 1299 ruptum²?’
506 1214 565 1279 Ad
581 1214 642 1281 hec
657 1216 727 1280 sine
742 1215 952 1299 responsione
966 1215 1084 1280 cecidit
1100 1214 1273 1280 cardinalis
1288 1215 1381 1297 quasi
1396 1216 1616 1293 exanimatus,

262 1344 352 1401 tecto
367 1332 489 1400 turris³
505 1355 673 1421 expansus
687 1356 746 1420 pre
761 1336 876 1401 dolore
890 1344 924 1400 et
939 1335 1067 1400 timore.
1104 1335 1160 1400 Sic
1175 1356 1235 1419 per
1251 1336 1396 1419 quinque
1415 1337 1617 1420 septimanas

264 1457 427 1522 itineravit
447 1476 506 1521 rex
524 1457 557 1521 in
580 1478 717 1541 regnum
741 1455 887 1534 Francie‚
902 1456 1024 1522 cotidie
1046 1455 1269 1522 continuando
1289 1477 1367 1520 suas
1389 1456 1504 1534 dietas,
1522 1457 1615 1524 sicud
1635 1467 1692 1521 The
1866 1474 1870 1481 ·
1849 1452 1945 1568 Ξ
1972 1426 2039 1560 :J

263 1578 373 1662 potuit
403 1579 567 1644 exercitus
598 1579 755 1680 labqrare,
786 1579 833 1642 ita
862 1578 952 1660 quod
982 1587 1090 1642 totam
1120 1576 1263 1661 patriam
1294 1541 1570 1642 Cameracensem¹
1581 1587 1614 1642 et
1633 1542 1735 1652 {w
1740 1532 1834 1584 lud

1067 1653 1101 1701 »a
1304 1653 1634 1714 ,Ε-ι-ῑβ-
1738 1714 1741 1721 ,
1843 1666 1860 1721 ¹,
1893 1692 1925 1723 ,ς
1955 1694 1967 1717 f

263 1664 507 1764 Tomacensem
527 1709 561 1764 et
578 1690 838 1765 Vermodensem
858 1707 892 1763 et
911 1698 1155 1762 Laudinensem
1180 1698 1329 1782 exceptis
1348 1709 1485 1763 muratis
1502 1697 1617 1764 civita·
1699 1710 1703 1729 '
1764 1720 1780 1739 ¹·
1842 1698 1853 1749 ¹-
1894 1713 1971 1789 21²7

262 1748 1278 1904 mmet-omibus
1269 1819 1383 1885 incolis
1403 1841 1462 1904 pre
1487 1820 1640 1912 timore,K

264 1942 457 2023 Numquam
481 1943 527 2007 sic
550 1914 712 2006 itineranti
734 1963 833 2006 ausus
853 1951 903 2006 est
925 1940 1044 2025 aliquis
1066 1941 1182 2008 obvius
1200 1941 1356 2020 resistere,
1376 1942 1526 2025 quamvis
1549 1942 1620 2026 ipse

263 2062 412 2127 tirannus
428 2062 631 2128 Francorum
649 2084 725 2129 curn
745 2062 873 2145 magnis
891 2062 1091 2127 exercitibus
1110 2062 1193 2128 infra
1212 2062 1361 2128 civitates
1381 2072 1527 2127 muratas
1542 2084 1619 2128 suos

263 2193 503 2266 congregasset,
520 2183 593 2268 ipso
615 2183 648 2246 in
669 2183 748 2249 villa
765 2183 942 2249 fortissima
961 2182 1075 2249 Sancti
1098 2182 1248 2267 Quintini
1272 2183 1441 2263 latitante;
1464 2204 1523 2250 nec
1546 2205 1618 2248 um·
1639 2195 1796 2250 Thechh

263 2323 365 2387 quarn
397 2313 527 2383 terram,
556 2324 657 2387 quam
690 2304 778 2369 dixit
808 2325 879 2368 esse
908 2325 1012 2383 suam,
1040 2313 1138 2370 extra
1173 2325 1283 2369 muros
1315 2305 1486 2369 civitatum
1518 2306 1621 2370 aude·
1637 2265 1794 2384 guffierius

264 2424 323 2490 bat
339 2423 513 2490 defendere
535 2434 649 2489 contra
665 2444 775 2508 regem
794 2424 948 2507 Anglie
938 2445 970 2488 rn
985 2446 1106 2510 campo
1123 2424 1282 2490 exercitui
1304 2445 1365 2490 suo
1388 2426 1619 2509 presidentem.

266 2544 445 2629 Propterea
468 2545 552 2609 inter
573 2544 653 2608 alias
676 2544 872 2623 blasfemias,
895 2567 977 2629 quas
996 2545 1164 2611 universus
1188 2548 1329 2611 mundus
1351 2545 1459 2611 intulit
1483 2546 1621 2625 tirann0‚

1684 1795 1831 1851 mlo

1706 1869 1822 1981 «Ε
1828 1901 1960 1985 un

151 2648 155 2653 ¹
266 2665 401 2749 quidam
425 2666 486 2730 hos
507 2686 619 2729 versus
642 2665 675 2728 in
701 2664 818 2731 cedula
841 2666 963 2750 sagitte
985 2666 1120 2750 alligata
1150 2667 1184 2731 in
1204 2666 1317 2731 villam
1343 2667 1448 2733 sancti
1471 2665 1620 2750 Quintini

267 2786 458 2871 sagittavit
451 2811 458 2826 ·

496 2870 547 2928 ‘Si
566 2871 671 2941 valeas,
690 2873 794 2945 paleas,
813 2873 929 2945 Valoys‚
946 2873 1056 2932 dimitte
1074 2873 1213 2945 timorem,

513 2961 580 3015 Non
599 2961 696 3028 lateas,
715 2971 822 3030 pateas,
841 2978 966 3032 maneas,
985 2963 1147 3064 ostenpp'
1121 2981 1347 3067 vigorem&

517 3047 585 3102 Flos
602 3065 642 3116 es,
661 3065 726 3103 rore
745 3064 832 3118 cares,
850 3049 959 3121 campis
977 3051 1127 3108 marcescis
1145 3061 1173 3107 et
1192 3022 1272 3122 are's3

360 3122 378 3165 ⁴
481 3130 604 3190 Mane
622 3135 715 3191 techel
734 3136 853 3250 phares·
877 3137 957 3209 lepus
975 3147 1004 3194 et
1022 3137 1088 3208 linx,
1106 3156 1164 3194 non
1183 3142 1235 3208 leo,
1254 3158 1344 3211 pares.

269 3289 397 3374 Quoad
417 3312 538 3358 nornen
559 3295 740 3379 proprium,
762 3295 846 3380 quia,
860 3295 1041 3362 vocabatur
1064 3296 1234 3383 Philippus
1249 3300 1292 3365 de
1305 3300 1449 3381 Valesio,
1467 3302 1550 3368 alius
1569 3302 1621 3367 vel

267 3413 358 3477 idem
379 3413 426 3479 sic
449 3414 675 3481 metrificavit:

139 3502 264 3813 Χ
495 3566 569 3623 ‘Phi
589 3579 658 3625 nota
675 3568 779 3640 fetoris,
798 3570 891 3643 lippus
908 3581 992 3629 nocet
1010 3571 1140 3630 omnibus
1158 3573 1244 3643 horis,
1476 3532 1478 3539 Ι

519 3657 572 3712 Phi
593 3668 676 3714 nocet
692 3667 722 3714 et
740 3658 852 3730 lippus;
877 3669 960 3717 nocet
978 3660 1108 3718 omnibus
1125 3679 1192 3732 ergo
1211 3662 1376 3735 Philippus?

273 3808 427 3894 Cumque
442 3810 667 3893 Brabantini⁴,
682 3825 818 3900 propter
839 3816 898 3882 de
893 3825 1003 3883 ectum
1025 3819 1217 3923 viptualium
1242 3829 1276 3884 et
1300 3819 1500 3887 imminentis
1518 3823 1624 3931 gemis
1676 3841 1763 3894 tur.

271 3931 494 4016 asperitatem,
524 3935 761 4021 disposuissent
791 3939 897 4004 redire
925 3949 1027 4023 atque
1053 3940 1227 4005 luissent
1217 3962 1250 4005 rn
1273 3944 1450 4023 redeundo,
1478 3944 1625 4010 tirannus

1320 3014 1419 3075 ΘΜ.
1428 3036 1491 3077 με,
1527 3030 1583 3072 tl.-
1616 3026 1746 3081 's''1xc.¹t‚
1770 2992 1855 3087 iel-'rt
1875 3000 1914 3072 .,

1339 3080 1375 3167 ῳ
1394 3094 1583 3151 oeoeoffif
1639 3094 1668 3139 .','-'
1697 3091 1707 3145 ἶ,
1761 3130 1773 3159 a
1801 3134 1821 3181 e·

401 4141 412 4176 ¹
431 4143 560 4203 diacono.
580 4149 610 4204 C.
853 4149 865 4183 ²
882 4163 1003 4224 ruptam.
1022 4155 1055 4208 B.
1303 4153 1315 4187 ³
1330 4161 1420 4212 tecto.
1434 4195 1441 4211 .
1455 4194 1463 4210 .
1476 4197 1484 4212 .
1496 4154 1621 4229 capam]

268 4229 392 4287 brachiis
404 4234 553 4304 expansis3
572 4233 619 4291 the
630 4236 716 4292 word
724 4236 845 4295 brachiis
859 4257 929 4295 over
938 4257 977 4295 an
989 4258 1112 4297 erasure.
1126 4241 1158 4297 C.
1270 4241 1281 4272 ⁴
1301 4242 1473 4299 Barbantini.
1492 4247 1524 4302 C.

930 4360 958 4409 K
