4282 4890
1543 144 1654 275 p<

616 287 672 340 LE
700 286 846 340 BAKER
871 287 930 340 DE
960 286 1268 340 SWVNEBROKE.
1575 294 1615 358 29

270 483 414 550 chrico
433 484 562 562 mansit,
581 485 670 549 nullo
686 506 785 569 egens
803 506 869 568 quo
890 485 1031 550 reclusus
1048 495 1082 548 et
1100 484 1194 567 quasi
1220 483 1419 548 monasticus
1437 481 1615 566 indigebat.
1635 514 1705 561 m,
1713 513 1790 564 1³2⁷.

269 605 407 670 Nullum
432 605 643 670 infortunium
668 605 700 669 in
725 606 791 670 ima
813 607 985 690 depressus
1007 605 1180 689 deplanxit
1204 605 1268 668 Dei
1297 625 1417 680 servus,
1440 603 1501 667 nisi
1526 603 1615 685 quod
1663 605 1761 614 “““

269 747 354 790 uxor
379 748 448 804 sua,
472 747 572 809 quam
598 747 664 790 non
693 737 752 810 pot
739 728 802 792 tuit
831 747 896 792 non
925 748 1045 805 amare,
1075 727 1209 791 nolebat
1239 728 1346 809 ipsum
1375 725 1495 802 videre,
1525 724 1616 789 cuius
1636 736 1762 803 Hisgriet

268 847 479 931 amplexibus
490 847 673 931 plusquam
685 869 743 931 per
755 868 876 912 annum
891 850 977 913 vixit
988 849 1103 913 viduat
1090 859 1152 926 tus,
1168 859 1200 913 et
1216 849 1305 930 quod
1321 867 1381 911 nec
1397 847 1452 910 illa
1468 845 1616 930 permisit
1635 813 1768 920 &effi

268 957 372 1022 filium
391 980 486 1023 suum
504 980 626 1023 novum
638 981 748 1043 regem
760 971 818 1025 aut
833 959 992 1044 aliquem¹
1010 983 1143 1026 suorum
1156 961 1332 1025 liberorum
1344 960 1406 1024 sibi
1418 957 1687 1075 presenciale24J
1636 935 1675 985 his
1687 934 1781 1056 ramiq

678 1164 1304 1207 &fla-*mmm
1298 1170 1330 1183 ’41
1335 1168 1490 1183 ...Ἢ-Μ’-

267 1181 1083 1318 Qe-tfflsssml
1011 1194 1132 1268 Helas
1132 1203 1288 1285 quociens
1309 1188 1443 1267 deflevit
1461 1174 1617 1284 querulus

267 1324 358 1405 quod
374 1334 443 1388 tam
462 1344 622 1407 generosa
639 1333 671 1387 et
687 1334 738 1389 tot
753 1334 869 1389 nature
884 1326 942 1389 dot
946 1325 1019 1389 ibus
1034 1335 1104 1389 tam
1124 1324 1273 1406 speciosa
1288 1335 1348 1408 pot
1335 1324 1399 1388 tuit
1414 1323 1615 1407 prodicionis

687 1394 990 1417 Wun—

267 1080 428 1144 solaeium
454 1080 599 1163 prebere.
645 1079 738 1164 Quot
764 1102 917 1146 amorosa
940 1079 1136 1146 teleumat2
1083 1092 1118 1146 ta
1157 1102 1237 1146 voce
1259 1081 1458 1145 submissat
1445 1091 1616 1191 tamquam
1676 1108 1782 1267 p
1762 1104 1863 1193 4η

171 1493 172 1499 1
267 1444 439 1509 amaricari
463 1443 552 1509 selle!
588 1443 862 1510 Auscultantibus
891 1447 1089 1529 quandoque
1119 1467 1184 1510 non
1216 1445 1307 1510 siluit
1336 1445 1398 1509 sub
1431 1445 1615 1508 iuramento

267 1523 575 1551 Ἢ

175 1624 194 1639 ,
267 1565 367 1647 quod,
394 1576 568 1649 postquam
602 1565 709 1649 primo
739 1566 824 1630 vidit
846 1565 946 1645 illam,
973 1588 1140 1650 nunquam
1170 1567 1270 1631 aliam
1304 1565 1489 1631 mulierem,
1507 1565 1615 1648 potuit

267 1707 388 1750 amare.
432 1686 542 1750 Amor
560 1686 753 1770 languentis,
777 1687 809 1750 in
832 1689 947 1753 ceteris
970 1689 1114 1753 adversis
1133 1687 1307 1772 paciencia,
1329 1687 1484 1753 comitem
1507 1696 1615 1752 custo·

267 1808 343 1871 dem
366 1817 400 1871 et
423 1828 536 1872 omnes
560 1807 688 1872 illorum
708 1807 885 1872 familiares
903 1810 945 1873 ad
970 1810 1218 1875 miseracionem
1234 1819 1306 1873 tant
1308 1830 1362 1873 am
1385 1816 1614 1892 provocarunt,

266 1929 356 2010 quod
374 1948 524 2012 generosi
516 1928 637 1993 milit'
613 1940 655 1993 trs
671 1949 817 1993 amorem
834 1929 1025 2014 languidum
1042 1932 1156 1996 uxoris
1176 1952 1234 1997 sue
1249 1930 1340 1995 cordi
1356 1930 1480 2022 dpriori
1496 1929 1614 2027 ppqqdp
1674 1894 1870 2000 W

265 2050 480 2114 adamantino
510 2071 577 2114 non
610 2050 803 2116 dimiserunt
836 2053 999 2117 nunciare
1054 2051 1163 2129 Unde,
1197 2073 1262 2117 non
1295 2072 1408 2117 amore
1441 2059 1533 2115 mota
1565 2060 1615 2114 set
1634 2061 1778 2126 tuequeen

522 2137 528 2151 “
713 2130 773 2151 ”“““
1634 2126 1697 2176 seara
1709 2127 1764 2176 bein

265 2169 397 2233 furore³
434 2181 610 2248 commota,
648 2170 750 2236 serrea
785 2172 950 2261 virago
929 2184 1055 2259 secreto
1090 2173 1179 2256 cogit
1166 2182 1237 2236 tatu
1272 2172 1358 2256 cepit
1388 2191 1615 2254 expavescere,
1634 2191 1717 2241 forced
1728 2200 1755 2240 to

1635 2267 1715 2306 retum
1726 2265 1753 2307 to

264 2311 307 2354 ne
330 2311 476 2401 unquam
501 2312 559 2397 per
584 2291 765 2411 ecclesiam4
788 2293 913 2405 miseriq
933 2305 1125 2407 qwtffi
1148 2291 1325 2371 misereri⁴,
1346 2292 1429 2356 soret
1444 2291 1615 2376 compulsa
1633 2322 1694 2372 him

650 2248 812 2266 uacet-*¹⁸¹*-

264 2431 335 2476 vrro
358 2413 531 2496 repudiato
560 2412 677 2477 iterum
701 2414 867 2496 impertire
889 2425 1008 2480 torum.
1056 2415 1199 2498 Excogit
1186 2415 1267 2479 tavit
1285 2413 1372 2478 enim
1395 2415 1485 2495 quod
1508 2435 1528 2478 a
1550 2413 1614 2477 ior-

265 2531 343 2597 ciori
377 2533 528 2597 homines
559 2533 780 2599 indifferentes
810 2546 843 2600 et
876 2536 1009 2619 pietatis
1041 2536 1192 2601 alumnos
1222 2536 1255 2598 in
1284 2535 1335 2600 sui
1368 2534 1613 2600 miseracionem

264 2664 468 2737 provocaret,
497 2654 554 2737 qui
583 2676 660 2720 suos
695 2656 852 2734 inimicos,
885 2677 968 2739 quos
998 2658 1070 2741 ipsa
1106 2678 1205 2740 supra
1240 2656 1406 2720 ministros
1439 2655 1611 2730 ordinavit,

264 2795 323 2858 per
338 2776 574 2841 adversitatum
595 2777 822 2843 tolleranciam
844 2788 877 2841 et
899 2779 1047 2842 omnium
1069 2778 1228 2842 virtutum
1244 2777 1377 2841 uberem
1397 2776 1613 2861 fragranciam
1651 2842 1657 2863 1
1686 2856 1694 2861 1
1726 2781 1806 2881 wig,
1833 2824 1856 2849 ,s
1928 2814 1959 2879 ς.Ι
1997 2798 2037 2843 ιτ

264 2896 308 2960 ad
324 2896 481 2979 pietatem
499 2896 550 2960 sui
567 2897 744 2962 inelinavit.
762 2919 797 2972 γ
1344 2937 1380 3001 -4
1731 2888 1734 2897 ’
1990 2889 1994 2899 ’
2013 2884 2017 2895 ’

350 3016 489 3081 Talibus
511 3027 545 3082 et
567 3017 640 3082 aliis
662 3018 862 3102 cogitatibus
883 3021 1079 3103 angustiata,
1105 3019 1288 3101 truculenta
1316 3002 1418 3097 leena,
1448 3039 1614 3084 recurrens

264 3139 307 3202 ad
326 3138 498 3203 consilium
518 3139 580 3211 sui
594 3141 751 3224 magistri,
775 3142 956 3206 sacerdotis
974 3141 1056 3207 Baal
1083 3142 1169 3209 illius
1192 3141 1451 3219 Herelordensis,
1473 3142 1516 3206 ab
1540 3142 1613 3225 ipso

264 3258 386 3343 recepit
413 3259 521 3341 ipsum
549 3281 751 3344 responsum,
778 3263 867 3344 quod
890 3272 977 3327 certe
1000 3263 1191 3347 sanguinem
1215 3264 1323 3347 tetigit
1346 3264 1480 3345 quando
1503 3282 1614 3328 comes

265 3381 431 3445 Edwardo
457 3401 517 3446 suo
547 3383 789 3466 consanguineo
819 3385 1095 3468 compaciebatur
1142 3384 1369 3449 Constituit
1360 3385 1418 3466 igit
1421 3405 1458 3448 ur
1475 3383 1613 3491 Q
1631 3406 1758 3472 Theking

263 3502 412 3615 Q
442 3523 485 3566 ex
516 3503 727 3569 ordinacione
752 3505 898 3589 magistri
920 3506 970 3571 sui
994 3504 1159 3579 subdoli,
1182 3504 1328 3588 episcopi
1350 3504 1498 3587 predicti,
1521 3506 1610 3587 quod
1629 3474 1786 3589 ,tffi‘ssv‘dm

263 3623 412 3688 Thomas
430 3625 472 3688 de
494 3624 644 3708 Corneye
659 3636 692 3690 et
716 3626 880 3691 Iohannes
896 3626 1102 3705 Maltravers,
1114 3628 1182 3692 duo
1198 3627 1318 3691 milites
1331 3648 1487 3729 va
1503 3628 1610 3710 ipsum
1630 3603 1754 3721 custodyr
1786 3700 1809 3727 ,·
1827 3658 1839 3703 4
1858 3620 1880 3703 ί
1900 3614 1969 3707 ί»,

263 3743 467 3809 Edwardum
482 3747 525 3810 de
542 3747 693 3811 custodia
708 3747 839 3812 comitis
852 3747 1030 3813 Leicestrie
1049 3758 1217 3832 receptum
1233 3749 1387 3812 ducerent
1400 3722 1611 3830 quo-vellent,
1741 3726 1747 3737 ’

263 3864 311 3929 ita
325 3867 415 3948 quod
432 3866 538 3931 nullus
558 3867 608 3930 sui
629 3868 806 3933 benevolus
821 3867 882 3934 ¹seu
899 3868 1086 3935 indifferens
1100 3890 1240 3954 persona
1256 3869 1363 3953 ipsum
1380 3869 1480 3933 libere
1495 3868 1611 3945 adiret,

260 3984 312 4051 vel
336 3986 433 4051 sciret
458 3986 514 4051 ubi
538 3987 594 4052 diu
619 3989 857 4072 perendinaret.
904 3989 981 4055 Hiis
1010 3991 1139 4056 duobus
1161 3990 1366 4074 nequissimis
1388 3989 1498 4073 prodit
1485 3989 1611 4055 toribus

345 4156 509 4230 ¹aliqd..B
615 4157 1247 4248 ”Perhapsoe'lwamorlwmchanns
1354 4159 1527 4218 ⁸iurori..B

550 4245 560 4276 ⁴
579 4248 681 4303 miseri.
701 4250 733 4303 B.
1027 4247 1168 4307 ⁶doli.B.
