4282 4890
469 305 530 389 138
903 310 1151 367 cunonrcorv
1173 297 1378 366 onerum!
1422 298 1475 409 j
1510 316 1548 399 d·
1612 287 1667 369 „r”

296 514 454 578 mass&
473 508 592 575 larium
622 509 825 574 Francorum
849 517 883 573 et
910 509 1066 574 comitem
1089 508 1400 575 Arminiacensem¹
1432 508 1478 611 lis
1504 529 1570 573 non
1602 497 1735 574 modica
1764 493 1827 573 ruit

327 612 427 630 '‘-
473 641 593 697 exorta
616 652 677 714 pro
701 651 741 695 eo
763 631 864 714 quod,
886 631 1008 696 comite
1034 632 1250 715 promittente
1275 632 1399 697 bellum
1423 633 1466 697 ad
1489 630 1621 695 illorum
1648 631 1826 695 utilitatem

473 752 662 830 ineundum,
688 750 792 816 nihilo
815 752 912 830 lacto,
939 772 1015 816 cum
1046 754 1211 818 dedecore
1242 753 1362 838 pluries
1393 754 1556 837 fugerunt,
1585 754 1676 836 quod
1706 752 1826 816 elidem

409 919 416 932 .
474 873 587 940 comiti
610 874 672 938 luit
694 874 906 958 imputatum.
953 873 1018 937 Die
1039 873 1179 939 Veneris
1200 876 1408 953 transierunt,
1424 883 1475 939 set
1497 874 1655 965 Q,
1672 893 1826 957 magnam

474 1015 606 1078 aquam,
621 1004 656 1060 et
671 995 802 1060 residuo
817 995 882 1060 diei
898 995 982 1060 inter
996 994 1092 1059 villas
1108 1006 1254 1061 muratas
1269 1005 1303 1061 et
1318 1006 1427 1061 castra
1442 996 1552 1074 forcia,
1564 995 1828 1100 meudiacqhopte

475 1117 508 1180 in
524 1115 601 1182 villa
617 1117 659 1181 de
674 1115 832 1213 Qerdp
847 1116 1028 1200 ospitata.›‹
1049 1116 1153 1182 istam
1168 1116 1291 1196 villam,
1306 1137 1372 1181 una
1395 1116 1489 1183 leuca
1510 1118 1689 1182 distantem
1705 1138 1725 1182 a
1740 1117 1828 1181 bona

474 1237 553 1303 villa
576 1241 620 1304 de
643 1237 814 1317 Condone,
839 1238 1496 1339 {¹335LQQMS.Menismltsstttlh
1519 1248 1553 1304 et
1583 1239 1653 1303 eius
1682 1247 1827 1304 castrum

366 1400 382 1426 η
475 1359 601 1444 dirupit
623 1369 723 1442 atque
744 1358 819 1425 solo
841 1360 1025 1442 coequavit.
1071 1330 1232 1438 habbato,
1254 1362 1399 1444 quadam
1415 1380 1502 1443 aqua
1522 1380 1598 1425 cum
1621 1359 1828 1425 districcione

476 1492 688 1559 transmeata,
704 1481 865 1546 intrarunt
880 1479 1032 1545 strictum
1048 1481 1237 1566 passagium
1255 1481 1411 1560 silvestre,
1427 1482 1484 1546 ubi
1503 1479 1598 1546 multi
1609 1481 1779 1546 Vascones
1794 1489 1828 1544 et

475 1597 593 1669 omnes
609 1602 789 1668 Bemenses
803 1601 919 1668 habita
934 1601 1070 1668 licencia
1092 1603 1329 1686 repatriarunt3
1353 1612 1387 1668 et
1403 1603 1463 1668 luit
1479 1605 1645 1669 exercitus
1664 1603 1828 1687 ospitatus

476 1726 519 1791 ad
535 1725 658 1790 bonam
672 1723 784 1789 villam
805 1724 896 1809 pacis
914 1735 948 1790 ct
968 1723 1097 1803 fortem,
1112 1744 1178 1807 que
1200 1745 1330 1809 semper
1353 1724 1414 1790 luit
1430 1724 1658 1809 Anglicorum,
1672 1734 1827 1790 vocatam

478 1845 608 1929 Mmp.
655 1844 733 1929 Quo
756 1845 810 1911 die
825 1845 956 1909 vexillis
971 1843 1187 1930 complicatis,
1202 1855 1239 1910 ut
1257 1846 1290 1910 in
1309 1845 1381 1910 solo
1400 1829 1499 1931 pacis,
1515 1846 1666 1930 princeps
1685 1845 1829 1911 decrevit
1868 1844 1962 1905 .‘'‘-
2020 1838 2034 1873 ³
2120 1879 2123 1891 ·

367 2011 384 2037 „
477 1965 707 2031 itinerandum.
776 1964 963 2045 Dominica,
995 1967 1027 2030 in
1056 1965 1169 2050 vigilia
1198 1968 1303 2032 sancti
1337 1966 1482 2046 Andree,
1512 1968 1664 2051 princeps
1693 1966 1828 2050 quievit,
1859 1934 1879 1949 Ἰ

367 2133 383 2157 ,,
476 2092 667 2166 recepturus
681 2080 874 2165 homagium
890 2092 923 2147 et
938 2093 1145 2148 sacramenta
1159 2082 1290 2148 illorum
1305 2082 1349 2148 de
1363 2082 1451 2148 villa.
1496 2082 1593 2148 Feria
1607 2083 1760 2160 secunda,
1774 2081 1829 2146 die

476 2202 629 2269 videlicet
645 2203 750 2269 sancti
766 2202 919 2287 apostoli,
935 2203 1050 2269 itinere
1065 2203 1165 2289 longo
1181 2225 1240 2288 per
1253 2216 1383 2271 vastam
1398 2204 1610 2270 solitudinem
1626 2206 1829 2270 devenerunt

478 2326 522 2391 ad
537 2324 649 2390 villam
665 2326 707 2390 de
724 2323 858 2404 Gelous,
874 2326 930 2390 ubi
946 2336 1022 2433 sunt
1038 2326 1101 2427 tria
1116 2336 1233 2415 eastra,
1248 2347 1316 2392 uno
1337 2325 1501 2399 illorum
1490 2326 1684 2427 tumarisco
1695 2325 1828 2419 situato.
1973 2404 1979 2415 1
2021 2398 2024 2409 Ι

480 2446 545 2512 Die
561 2446 687 2525 Martis,
703 2447 849 2532 principe
858 2445 928 2513 ²ad
947 2404 1090 2513 castrum
1114 2448 1156 2512 de
1180 2418 1293 2512 Melan
1250 2448 1408 2539 quod
1431 2447 1538 2512 tribus
1559 2446 1662 2512 leucis
1684 2447 1786 2512 distat
1808 2466 1830 2511 a
1858 2416 1958 2513 7¹¹¹

476 2579 586 2635 castro
603 2530 907 2706 GeloQ,
924 2568 1033 2653 plures
1049 2569 1092 2634 de
1111 2589 1172 2634 suo
1188 2569 1315 2653 ospicio
1334 2570 1532 2634 transierunt
1555 2568 1695 2652 patriam
1718 2566 1978 2641 silves-,1
2041 2616 2111 2683 Ν,

475 2701 562 2756 trem
585 2700 619 2756 et
639 2701 768 2756 vastam
792 2692 887 2790 iuxta
910 2690 1146 2757 monasterium
1172 2689 1557 2756 cisterciensevocatum
1582 2668 1907 2774 Montguilliaml'
1872 2636 2029 2791 ''¹‘'st

477 2821 512 2877 et
534 2820 625 2878 trans
647 2812 805 2878 forestam
828 2813 914 2896 regis
936 2812 1061 2896 Anglie
1083 2821 1307 2896 nuncupatam
1331 2812 1411 2877 Bois
1434 2811 1571 2890 maiour,
1586 2811 1629 2876 ad
1651 2808 1763 2876 villam
1787 2812 1830 2876 de

150 2978 165 3025 ⁸·
479 2932 611 3045 Regula
633 2935 792 3019 grandem
817 2943 852 2999 et
875 2934 960 2999 bene
983 2934 1156 3011 munitam,
1183 2953 1285 3016 quam
1309 2954 1422 2998 comes
1446 2932 1570 2998 Derbie
1596 2931 1723 2997 dudum
1750 2950 1829 2998 con·
1877 2884 1965 3083 affl
1877 2891 2031 3108 ἧι]

61 3070 64 3109 ÷
216 3078 254 3109 κ
480 3030 623 3137 quisivit,
615 3056 1157 3242 ,ww
1057 3064 1091 3120 et
1113 3054 1197 3120 inlra
1215 3054 1298 3161 vnj.
1305 3053 1511 3120 ebdomadas
1533 3075 1554 3120 a
1559 3053 1753 3172 capcione
1752 3052 1867 3157 villeqma

354 3226 371 3252 ‚,
478 3184 622 3241 castrum
653 3196 687 3241 re
736 3186 820 3241 itum
845 3187 995 3273 usceprt
1050 3176 1116 3241 Die
1146 3144 1308 3242 Mercurii
1325 3150 1499 3243 dominus
1508 3152 1666 3260 princeps
1696 3176 1831 3241 advenit

480 3266 656 3380 Regulam
675 3272 768 3362 cuius
783 3298 859 3381 equi
874 3307 909 3363 et
923 3298 1085 3382 quadrige
1073 3298 1356 3399 trarrsierunt
1321 3297 1445 3377 flumen
1465 3298 1517 3365 de.
1520 3274 1709 3363 Geronde
1699 3317 1732 3361 ιιι
1756 3295 1830 3362 loco

479 3439 501 3484 u
527 3419 537 3483 i
559 3439 742 3503 numquam
765 3429 864 3485 antea
888 3428 1073 3485 memoratu
1096 3419 1215 3502 aliquis
1237 3440 1342 3504 equus
1365 3418 1588 3484 transmeavit.
1634 3417 1674 3481 In
1699 3417 1830 3502 Regula

478 3539 616 3607 concilio
646 3540 802 3627 principis
834 3539 995 3619 consulto,
1021 3541 1163 3606 ordinati
1193 3542 1327 3607 luerunt
1357 3541 1521 3625 principes
1551 3560 1570 3604 e
1614 3538 1756 3604 barones
1785 3540 1829 3604 ad

477 3663 704 3749 hyemandum
731 3662 764 3726 in
794 3662 958 3729 distinctis
987 3662 1068 3728 locis
1097 3683 1196 3747 super
1226 3663 1416 3740 marchiam,
1448 3660 1591 3745 patriam
1621 3660 1845 3759 intrinsecam*

476 3785 642 3852 Vasconie
657 3795 770 3851 contra
784 3785 948 3852 versucias
965 3784 1168 3851 Gallicorum
1183 3785 1373 3870 protecturi,
1388 3782 1455 3867 qui,
1472 3804 1493 3849 a
1509 3782 1588 3848 locis
1603 3781 1650 3846 eis
1665 3783 1830 3865 deputatis

478 3917 513 3972 et
535 3906 702 3990 sapienter
725 3906 900 3972 custoditis
922 3908 1038 3972 crebro
1061 3907 1209 3990 digressi,
1236 3905 1360 3972 multos
1383 3904 1534 3989 egregios
1556 3902 1686 3970 labores
1714 3922 1830 3987 super·

352 4096 358 4125 ἲ
458 4031 586 4108 aru'nt,
608 4047 669 4094 nec
694 4027 809 4135 minus
843 4028 962 4111 predas
995 4027 1171 4094 oulentas
1205 4028 1250 4095 ab
1280 4026 1392 4093 hostili
1420 4026 1532 4111 patria
1567 4023 1805 4119 detulerunt,
1797 4043 1830 4087 ro

1256 4136 1836 4205 -rr—-p--a

582 4350 587 4359 ,
701 4372 704 4377 ‚
745 4281 1011 4379 {Aminiacensemi
1029 4289 1062 4344 B.
1344 4285 1511 4359 'princepe
1530 4285 1564 4340 Β
