4222 4860
1022 223 1268 280 CHRONICON
1289 223 1492 279 GALFRIDI

404 426 562 476 ibn-1⁸4⁰·
581 423 840 533 nobiliswanima
870 423 1046 543 φα
1056 424 1211 529 ,[εεξψεεήἰῐ,
1241 443 1316 489 cum
1349 422 1574 488 defensoribus
1604 433 1637 486 et
1672 423 1861 487 auctoribus
1891 423 1937 486 rei

581 545 736 630 pupplice
777 544 963 610 laureanda.
1023 544 1129 610 Erant
1167 545 1289 609 ibidem
1329 544 1531 609 Gallicorum
1569 543 1710 626 amplius
1751 544 1937 626 quingentis

581 678 782 733 armatorum
798 677 832 731 et
853 666 1095 732 balistariorum
1114 688 1269 787 numerus
1289 668 1429 775 ignotus.
1444 758 1458 779 .
1476 664 1663 750 Sagittariis
1678 664 1809 731 Thome
1832 665 1936 730 suerat
1998 698 2074 759 m
2086 674 2107 730 ς

581 791 635 854 via
664 789 697 852 in
730 788 890 853 auxilium
921 788 970 852 sui
1000 789 1126 852 domini
1157 738 1623 893 cflhddse.pr&lum†'unde
1653 787 1853 905 let-iffi
1883 787 1938 852 ille
1998 772 2066 833 ot..

582 909 812 992 magnanimus
851 909 956 974 suerat
994 910 1157 993 ingressus
1193 910 1249 993 qui
1287 920 1401 975 contra
1433 909 1576 974 Francos
1607 892 1794 973 inniiineros
1827 908 1938 992 preliis

580 1032 717 1097 diversis
737 1031 962 1115 triumphavit,
977 1042 1078 1115 atque
1100 1053 1159 1097 sua
1183 1043 1289 1096 morte
1304 1030 1456 1115 Anglicis
1475 1030 1628 1095 omnibus
1650 1050 1764 1131 Q
1787 1031 1935 1096 dolorem
1967 1034 2013 1071 '
2039 1042 2040 1047 ’

383 1234 415 1257 Ι,
581 1165 615 1218 et
641 1152 776 1218 Gallicis
801 1154 960 1235 gaudium
988 1174 1145 1237 magnum
1173 1153 1331 1237 prostavit
1342 1150 1361 1230 ¹,
1384 1161 1434 1216 set
1457 1173 1522 1216 non
1546 1152 1718 1229 omnibus;
1756 1152 1935 1217 eratenim

375 1278 379 1287 '
491 1284 494 1290 '
581 1275 731 1341 hostibus
757 1276 799 1339 de
826 1275 914 1340 sacto
937 1276 1099 1352 terribilis,
1122 1286 1172 1339 set
1190 1240 1326 1339 {orbiu
1353 1276 1573 1369 generositate
1597 1286 1667 1338 tam
1693 1284 1809 1358 captos
1835 1294 1936 1357 quam
1983 1246 2044 1323 Ml
2107 1295 2111 1314 ¹

581 1397 712 1482 fugatos
734 1407 768 1461 et
791 1397 912 1461 liberos
936 1397 1040 1460 insui
1064 1417 1210 1461 amorem
1232 1406 1267 1461 et
1289 1397 1550 1480 compassionem
1574 1396 1689 1461 mortis
1711 1407 1781 1460 tam
1805 1395 1937 1478 indigne

581 1540 681 1602 quam
712 1519 858 1583 animose
890 1518 1084 1584 conciliavit.
1130 1517 1189 1583 Set
1220 1516 1305 1580 filius
1334 1517 1454 1619 sutoris
1480 1517 1651 1601 triumpho
1680 1516 1820 1600 gavisus,
1850 1518 1937 1581 unde
2016 1526 2061 1547 ''
2110 1533 2111 1544 ¹

582 1661 721 1724 magnus
751 1642 902 1725 princeps
931 1641 989 1703 vix
1019 1640 1138 1723 dignus
1169 1639 1291 1716 suisset,
1318 1640 1475 1733 lQm
1506 1639 1706 1704 Francorum
1737 1650 1770 1703 et
1796 1639 1937 1739 tlh&
1982 1616 2041 1690 tid·
2106 1647 2111 1677 ⁴

581 1764 730 1826 omnium
755 1761 896 1826 militum
921 1762 1083 1826 bonorum
1106 1761 1169 1825 sibi
1192 1760 1371 1826 cumulavit
1381 1758 1403 1822 ³.
1662 1714 1805 1947 &401

407 1893 521 1970 Disrurt»
582 1856 619 1869 μ
669 1883 740 1948 Nec
757 1883 863 1947 minus
882 1882 1000 1948 Gallici
1020 1878 1121 1947 cum⁴
1136 1883 1259 1948 comite
1275 1882 1430 1947 Flandrie
1449 1892 1580 1967 treugas
1595 1904 1670 1979 vere
1694 1893 1791 1948 antur
1806 1883 1937 1961 violare,

406 1975 533 2074 blihildis.
580 2024 832 2105 Qomes
855 2003 1001 2087 prefatus
1023 2023 1098 2068 cum
1123 2005 1206 2068 duce
1233 2002 1414 2068 Brabancie
1437 2014 1470 2067 et
1494 2005 1565 2068 aliis
1592 2005 1741 2089 plurimis
1767 2008 1810 2070 de
1835 2025 1938 2089 regno

583 2127 728 2201 Francie,
760 2126 907 2190 exercitu
944 2135 1155 2208 congregato,
1186 2126 1304 2188 iterum
1344 2126 1429 2191 circa
1465 2125 1584 2190 festum
1622 2129 1726 2192 sancti
1766 2126 1937 2192 Michaelis

583 2247 772 2311 Flandriam
804 2246 932 2324 invasit,
954 2257 987 2311 et
1014 2268 1072 2331 per
1099 2245 1198 2310 salsos
1222 2245 1438 2310 Flandrenses
1461 2248 1523 2310 sibi
1554 2258 1789 2337 consentaneos
1812 2247 1937 2331 Bruges
1984 2250 2008 2281 τ
2050 2220 2054 2229 .

583 2370 746 2451 ingressus
784 2387 939 2451 magnam
978 2367 1222 2432 multitudinem
1261 2365 1407 2432 fidelium
1444 2369 1529 2451 regis
1565 2368 1688 2453 Anglie
1724 2338 1940 2434 domlril'sh'i

581 2491 773 2585 catervatim
802 2490 833 2591 ip
860 2494 974 2559 eorum
1001 2489 1155 2553 domibus
1178 2500 1212 2553 et
1235 2488 1352 2583 plateis
1374 2489 1565 2553 trucidavit..
1607 2489 1651 2555 Et
1676 2490 1764 2554 misit
1787 2490 1872 2554 illis⁶
1895 2492 1937 2555 de
1969 2512 1976 2519 ·
2079 2510 2083 2521 ·

581 2611 676 2695 Ypro
705 2621 738 2676 et
765 2609 929 2705 Gandavo
954 2621 987 2675 et
1013 2610 1086 2674 aliis
1111 2609 1205 2686 villis,
1230 2580 1353 2690 petens,
1379 2611 1481 2674 immo
1509 2610 1630 2687 iubens,
1655 2610 1727 2675 illas
1756 2611 1797 2675 eii
1822 2612 1936 2688 reddi;

582 2702 720 2815 quarum
754 2732 868 2809 incole,
897 2733 1040 2815 acceptis
1071 2731 1217 2806 induciis,
1250 2731 1450 2814 scripserunt
1487 2731 1554 2814 regi
1589 2731 1721 2814 Anglie,
1754 2734 1844 2814 quod
1878 2731 1936 2796 eiis

582 2862 790 2930 succurreret,
813 2864 871 2916 aut
893 2873 950 2917 eos
972 2862 1138 2936 oporteret
1157 2851 1287 2916 comitis
1309 2851 1458 2916 dominio
1479 2862 1512 2916 et
1535 2853 1654 2916 tiranni
1678 2852 1878 2919 Francorum
1901 2873 1937 2916 se

582 2972 786 3035 submittere.
833 2973 877 3036 Et
893 2973 968 3037 ideo
986 2973 1071 3037 circa
1092 2971 1210 3035 festum
1228 2969 1386 3034 Omnium
1407 2969 1603 3037 Sanctorum
1620 2974 1937 3075 rfficomitantibus

583 3093 760 3157 comitibus
775 3091 966 3157 Lancastrie
981 3102 1014 3156 et
1031 3090 1236 3156 Suthfolchie
1254 3102 1287 3155 et
1306 3092 1388 3168 aliis,
1405 3093 1437 3156 in
1453 3092 1642 3158 Flandriam
1657 3095 1888 3172 transfretavit,
1903 3105 1937 3159 et

583 3235 694 3278 versus
725 3213 898 3278 Franciam
928 3234 1005 3277 suos
1034 3213 1153 3292 duxit3
1188 3215 1284 3290 unde,
1310 3215 1473 3278 renovatis
1502 3216 1625 3299 treugis
1656 3217 1739 3281 inter
1770 3216 1877 3301 ipsum
1903 3227 1936 3280 et

585 3333 739 3411 Gallicos,
763 3354 874 3399 comes
904 3333 1058 3397 Flandrie
1089 3334 1153 3398 iam
1180 3335 1288 3432 tercio·
1309 3335 1397 3418 regie
1424 3335 1596 3400 clementie
1621 3348 1655 3402 et
1680 3337 1828 3403 dominio
1854 3337 1936 3402 suo⁰

584 3476 619 3520 se
640 3454 803 3520 submisit.
1414 3504 1548 3541 ‘·....·.
1583 3498 1599 3519 r
1683 3502 1690 3515 .
1717 3464 1735 3501 s

1435 3520 1459 3551 1.
1472 3544 1475 3549 .

409 3582 566 3634 translation
672 3575 802 3672 Q
823 3574 867 3639 ad
889 3574 1154 3658 solempnitatem
1172 3575 1399 3641 translacionis
1419 3506 1881 3644 sanffiessoris
1903 3591 1936 3643 et

410 3651 441 3700 oi
448 3650 560 3699 Thomas

410 3780 542 3898 {pomp
585 3819 676 3903 regni
698 3820 819 3884 devota
841 3817 1008 3899 presencia
1030 3816 1277 3901 solempnizavit
1299 3819 1467 3902 egregium
1491 3819 1611 3884 festum
1634 3821 1879 3887 convivancium
1904 3821 1935 3886 in

585 3942 743 4006 honorem
774 3936 912 4023 predicti
941 3936 1019 4001 almi
1048 3937 1240 4002 confessoris
1268 3938 1478 4018 celebratum,
1506 3940 1550 4005 ad
1580 3940 1745 4025 largifluas
1773 3963 1937 4029 expensas

587 4061 740 4127 Nicholai
762 4060 805 4124 de
828 4020 1017 4141 Cantihlpd
1028 4058 1168 4136 baronis,
1186 4060 1319 4143 cognati
1343 4060 1443 4144 ipsius
1465 4061 1568 4128 sancti
1590 4062 1731 4129 Thome.

269 3724 353 4041 N}
410 3714 552 3779 emulum,
585 3697 731 3782 episcopi
747 3694 997 3760 Hereiordensis
1012 3716 1071 3760 rex
1087 3696 1119 3760 in
1135 3695 1295 3780 Angliam
1311 3717 1464 3775 reversus,
1480 3720 1538 3764 sua
1556 3710 1589 3763 et
1609 3700 1747 3764 aliorum
1764 3721 1935 3784 procerum

623 4197 810 4255 ¹cumulavit.
830 4198 862 4253 C.
907 4193 990 4251 ὀνκ.
1010 4197 1042 4252 C.
1087 4193 1298 4267 ’comparavit
1317 4198 1349 4254 C.
1397 4197 1464 4254 ‘in
1485 4201 1516 4255 C.
1565 4197 1666 4256 ‘illos
1687 4201 1717 4255 C.
1766 4199 1847 4257 ⁶om.
1867 4204 1899 4256 B.
