4282 4890
557 313 613 367 LE
633 312 781 368 BAKER
801 314 863 368 DE
883 314 1194 370 SWl'NEBROKE.
1488 317 1547 384 171

287 510 487 594 tncccxiiij.
552 511 589 576 A
625 511 852 577 diseumfitura
889 513 977 578 facta
1014 513 1102 597 apud
1142 511 1318 595 Strivelyn‚
1355 511 1409 575 die
1446 511 1550 576 sancti

202 631 359 697 Iohannis
382 633 542 716 Baptiste,
558 632 614 698 ubi
624 604 1023 699 mebertus
1040 654 1151 699 comes
1167 632 1384 710 Gloucestrie,
1401 633 1551 696 Edmun·

198 754 263 817 dus
286 752 428 831 Maulee,
452 753 620 818 Robertus
642 755 685 817 de
709 753 857 831 clifford,
882 756 1033 837 Paganus
1059 755 1102 819 de
1125 753 1319 838 Typetoste‚
1342 753 1481 835 Egidius
1508 753 1551 816 de

199 874 405 958 Argenteyn,
428 883 461 938 et
486 874 582 940 multi
604 875 731 939 nobiles
754 876 875 940 milites
897 875 1022 959 Anglie
1053 875 1213 940 interfecti
1243 875 1382 939 fuerunt.
1442 874 1552 938 Hum-

200 994 302 1059 sridus
325 996 367 1060 de
391 996 517 1073 Bohun,
540 1016 651 1061 comes
675 996 880 1074 Herelordie,
904 997 1068 1061 Iohannes
1086 999 1128 1061 de
1152 996 1306 1080 Segrave,
1324 996 1486 1060 Iohannes
1509 997 1552 1060 de

200 1114 416 1199 Claverynge,
442 1115 629 1181 Willelmus
650 1117 682 1181 le
704 1117 863 1193 Latimer‚
886 1129 919 1182 et
942 1117 1009 1205 ferg
1032 1116 1169 1204 trecepti
1194 1117 1332 1201 hames
1356 1127 1390 1203 gt
1420 1116 1565 1203 milites,-

199 1257 274 1302 cum
302 1258 423 1321 magna
447 1236 657 1302 multitudine
683 1238 843 1321 peditum,
870 1239 927 1320 qui
954 1239 1150 1315 restiterunt,
1178 1237 1308 1302 fuerunt
1335 1238 1423 1321 capti
1455 1248 1488 1302 et
1519 1237 1551 1300 in

199 1378 328 1423 carcere
342 1358 475 1435 detrusi,
490 1358 595 1423 donee
611 1378 670 1441 per
683 1378 817 1441 gravem
833 1358 1097 1441 redempcionem
1114 1358 1250 1422 fuissent
1267 1357 1405 1434 liberati,
1417 1357 1551 1421 domino

200 1488 313 1542 nostro
328 1499 404 1562 rege
419 1498 495 1543 cum
510 1499 570 1542 suo
588 1479 825 1562 Dispensatore
840 1487 875 1543 et
890 1477 1038 1543 exercitu
1053 1479 1130 1562 luge
1145 1478 1325 1561 presidium
1341 1477 1524 1561 arripiente.

429 1570 834 1603 m*
1387 1597 1507 1681 xxxiij.

288 1718 466 1801 M.ccc.xij.
511 1719 545 1783 A
562 1719 733 1783 nativitate
749 1721 947 1784 serenissimi
963 1721 1049 1802 regis
1067 1719 1222 1783 Edwardi
1239 1730 1315 1801 post
1334 1729 1550 1802 conquestum

202 1841 303 1918 tercii,
318 1839 373 1904 die
393 1841 497 1904 saneti
518 1839 615 1904 Bricii
634 1840 839 1916 confessoris,
855 1841 945 1923 apud
961 1837 1179 1922 Wyndesore.
1225 1840 1369 1903 istorum
1388 1839 1552 1922 subscrip·

200 1972 311 2026 torum
327 1981 387 2044 pro
403 1961 638 2026 relormacione
652 1971 758 2025 status
775 1961 861 2043 regis
876 1971 910 2025 et
927 1961 1019 2044 regni
1035 1961 1171 2043 quidam
1187 1960 1318 2024 fuerunt
1341 1958 1502 2024 interlecti
1519 1968 1552 2024 et

200 2082 346 2164 quidam,
362 2093 461 2164 prout
477 2081 609 2145 inferius
625 2081 762 2164 patebit,
779 2081 934 2145 instinctu
950 2091 983 2146 et
999 2078 1258 2163 procuracione1
1277 2082 1552 2165 Dispensatorum

90 2272 96 2285 ,
200 2214 234 2268 et
249 2202 390 2267 aliorum
407 2202 571 2267 malorum
587 2203 844 2280 consiliandum,
861 2204 1038 2267 incarcere
1059 2203 1202 2267 detrusi:
1226 2204 1378 2268 videlieet
1399 2205 1553 2268 dominus

200 2323 358 2401 Thomas,
381 2344 492 2388 comes
523 2323 725 2402 Lancastrie‚
747 2344 807 2406 per
828 2324 1000 2388 Andream
1024 2325 1067 2388 de
1091 2323 1262 2406 Herkeley
1284 2334 1316 2387 et
1339 2323 1421 2388 alios
1444 2322 1553 2409 plures

200 2445 395 2509 indiscretos
425 2445 515 2528 pacis
540 2443 675 2509 ecclesie
697 2455 730 2508 et
761 2445 853 2549 regni
883 2444 1128 2528 perturbatores
1151 2445 1239 2526 apud
1269 2444 1453 2527 Burbrigge
1484 2455 1553 2509 erat

200 2576 327 2649 captus,
365 2575 398 2629 et
437 2566 531 2629 iuxta
569 2565 764 2630 Pounsreide
801 2586 861 2647 pro
900 2566 971 2628 iure
1008 2564 1143 2629 ecclesie
1173 2576 1206 2629 et
1242 2565 1331 2648 regni
1362 2564 1552 2629 decollatus.

201 2686 366 2752 Dominus
391 2650 811 2762 Htwclellohun,
833 2705 942 2750 comes
967 2685 1168 2761 Herefordie,
1190 2686 1344 2749 dominus
1366 2685 1553 2749 Willelmus

200 2809 244 2872 de
269 2806 367 2871 Sulee
389 2817 423 2871 et
445 2807 600 2870 dominus
621 2807 773 2890 Rogerus
794 2807 838 2870 de
861 2805 1004 2879 Burield‚
1025 2826 1101 2870 cum
1125 2806 1237 2870 multis
1258 2806 1339 2884 aliis,
1358 2805 1446 2889 apud
1471 2806 1554 2869 Bur·

201 2929 318 3012 brigge
340 2935 435 2992 erant
457 2927 627 2992 interfecti.
1402 2949 1507 2991 xxxv.

288 3046 480 3130 M.ccc.xxj.
525 3048 662 3111 Domini
682 3046 836 3110 Warinus
853 3048 895 3111 de
914 3046 1020 3129 Lylle,
1036 3046 1222 3112 Willelmus
1243 3048 1380 3124 Tochet,
1404 3049 1552 3113 Thomas
1597 3068 1616 3117 r.
1628 3064 1701 3117 rost.

202 3169 399 3252 Mauduyte,
416 3169 579 3233 Henrieus
596 3168 840 3244 Bradeboume,
856 3167 1042 3233 Willelmus
1057 3168 1144 3233 filius
1159 3169 1317 3233 Willelmi
1341 3170 1455 3245 iunior,
1471 3169 1554 3233 Wil-

202 3291 319 3356 lelmus
344 3292 387 3355 de
418 3287 547 3373 Cheiny
566 3297 660 3354 erant
689 3290 787 3354 tracti
810 3290 898 3371 apud
925 3290 1136 3354 Pounsreithe
1159 3301 1193 3355 et
1215 3292 1373 3375 suspensi.
1418 3291 1554 3355 Domini

204 3411 367 3476 lohannes
384 3410 561 3492 Moubray‚
578 3411 730 3492 Rogerus
746 3412 789 3475 de
811 3409 961 3485 clifford,
979 3410 1156 3476 Gocelinus
1179 3412 1320 3495 Deyvile
1341 3413 1437 3477 tracti
1461 3423 1554 3477 erant

202 3541 237 3598 et
258 3531 407 3614 suspensi
431 3532 521 3614 apud
547 3531 745 3595 Eboracum.
783 3531 949 3596 Dominus
973 3532 1229 3597 Bartholomeus
1255 3534 1298 3596 de
1322 3532 1555 3596 Badelusmere

203 3663 328 3719 tractus
346 3651 408 3716 suit
423 3662 456 3715 et
472 3672 650 3734 suspensus
665 3652 754 3735 apud
772 3649 997 3717 Cantuariam.
1045 3653 1182 3717 Domini
1199 3653 1363 3717 Henrieus
1378 3655 1420 3718 de
1437 3653 1555 3718 Monte

203 3774 289 3852 sorti,
302 3773 466 3837 Henrieus
481 3773 524 3837 de
535 3772 760 3857 Wylingtone‚
777 3774 875 3856 capti,
888 3775 985 3837 tracti
997 3783 1030 3838 et
1042 3774 1191 3857 suspensi
1207 3785 1298 3838 erant
1311 3774 1399 3858 apud
1417 3773 1555 3839 Bristol-

204 3897 294 3961 liam.
318 3895 455 3959 Domini
467 3895 631 3959 Iohannes
644 3894 793 3979 Gyliard‚
805 3895 957 3979 Rogerus
967 3897 1009 3960 de
1022 3894 1263 3979 Elyngbrugge
1275 3897 1371 3961 tracti
1381 3896 1511 3959 fuerunt
1521 3905 1554 3958 et

203 4016 352 4101 suspensi
364 4016 454 4099 apud
468 4014 718 4097 Gloucestriam,
730 4027 764 4081 et
779 4016 966 4080 Willelmus
982 4016 1149 4125 Flempgn
1160 4017 1250 4100 apud
1266 4016 1396 4080 Kerdil.
1436 4017 1554 4082 Domi-

203 4159 265 4204 nus
276 4136 442 4204 Henricus
454 4137 567 4202 Thi'eis
578 4149 703 4203 tractus
715 4148 748 4202 et
759 4158 936 4221 suspensus
949 4137 1141 4217 Londoniis,
1151 4148 1185 4204 et
1197 4138 1351 4203 dominus
1363 4139 1556 4205 Franciscus

715 4274 724 4307 ¹
744 4274 771 4330 in
785 4275 991 4347 procuracione.
1012 4278 1043 4331 B.

848 4397 868 4446 Z
886 4400 903 4448 2
