4282 4890
649 309 705 363 LE
726 309 873 364 BAKER
894 308 955 363 DE
976 310 1002 363 S
1007 308 1286 365 Wl'll'EBROKE.
1604 317 1644 384 75

290 508 424 575 domine
446 506 585 593 Phillipe
608 509 726 592 regine,
749 519 791 584 et,
814 518 991 592 postquam
1017 510 1106 592 apud
1134 508 1268 575 Novum
1298 515 1441 575 castrum
1468 509 1645 576 celebravit
1663 508 1819 560 &ll-1³⁴³

292 630 411 694 festum
434 641 546 695 sancte
569 630 729 695 Katerine
751 639 785 694 et
807 629 1073 713 solempnitatem
1098 628 1274 696 Dominice
1296 631 1497 709 Natiuitatis,
1512 654 1580 716 quo
1599 633 1643 698 ad

453 709 641 737 m

292 752 380 816 idem
403 751 522 816 festum
545 750 656 816 David
680 772 739 815 rex
759 750 936 816 Scotorum
955 751 1219 816 comminabatur
1241 773 1277 817 se
1298 752 1487 831 affuturum,
1505 754 1643 819 collecto
1661 758 1819 873 affim-

292 873 439 938 exercitu
462 872 594 937 intravit
613 870 774 949 Scociam,
791 881 824 936 et
851 871 1035 956 predictum
1056 871 1165 937 David
1188 871 1368 956 fugientem
1390 876 1645 958 persequebatur
1663 888 1786 965 semea

292 993 379 1059 ultra
395 1015 484 1059 mare
501 992 680 1072 Scoticum,
696 993 807 1060 omnia
825 995 1001 1058 devastans
1017 1002 1125 1098 preter
1143 1003 1250 1059 castra
1265 1004 1297 1059 et
1314 995 1460 1079 paludes,
1477 997 1645 1080 inquibus
1664 953 1899 1119 ffiscotzbss
1985 972 2054 1079 ,all

292 1103 385 1181 Scotr
408 1136 482 1181 cum
506 1135 619 1180 eorum
643 1135 719 1198 rege
746 1114 856 1179 David
879 1135 914 1178 se
937 1105 1209 1212 occuluerunt«

377 1236 493 1320 Atque
512 1257 621 1302 comes
639 1235 833 1313 Sarisburie,
851 1235 1039 1299 Willelmus
1061 1236 1104 1300 de
1128 1235 1244 1301 Monte
1266 1247 1373 1313 acuto,
1389 1248 1487 1303 nacto
1512 1238 1645 1323 navigio
1663 1238 1823 1369 {Jlfflyd

292 1358 485 1445 cimbarum,
504 1357 643 1423 insulam
667 1378 766 1421 unam
782 1367 815 1421 et
826 1357 1000 1459 Q
1013 1356 1152 1434 illarum,
1169 1376 1253 1439 quas
1272 1368 1392 1423 vocant
1409 1359 1511 1426 Howt
1529 1360 1644 1439 hildes,
1663 1385 1783 1485 conqsum

174 1474 196 1489 ..
381 1480 388 1493 .
507 1479 514 1493 .
601 1479 609 1493 .
773 1478 780 1492 .
1030 1477 1038 1492 .
1109 1477 1116 1492 .
1265 1478 1272 1493 .
1349 1479 1357 1494 ,
1414 1429 1705 1495 Ἧι
1742 1434 1806 1485 leol

92 1488 98 1515 ‘
160 1506 163 1513 ·
292 1477 409 1545 Scocre
431 1488 677 1563 pertinencium,
699 1488 749 1542 est
771 1498 953 1561 ingressus3
982 1478 1037 1542 ubr
1062 1498 1212 1544 unrversa
1240 1489 1416 1545 vrctorrose
1446 1480 1644 1565 subrogavit.
1664 1500 1733 1551 Man.

292 1599 480 1664 Prcdietam
511 1599 661 1677 insulam,
684 1620 749 1682 que
780 1598 916 1663 Mannia
945 1607 1090 1676 vocatur,
1113 1599 1267 1664 dominus
1289 1620 1349 1664 rex
1372 1599 1501 1684 prelato
1531 1604 1645 1668 comiti
1721 1609 1789 1734 π(
1811 1602 1839 1695 s
1853 1601 1929 1681 ’μμ
1955 1610 1992 1695 ’γ’

291 1720 498 1804 conquestori
521 1720 623 1784 libere
645 1720 737 1784 dedit
761 1720 1003 1804 possidendam,
1025 1730 1059 1784 et
1082 1739 1192 1802 regem
1216 1719 1302 1784 illius
1325 1731 1410 1786 terre
1437 1720 1511 1786 lecit
1535 1723 1644 1808 ipsum
1782 1708 2054 1815 πμ,.,.;ἥ;,ἴῗ’.

291 1840 452 1925 appellari
475 1850 576 1923 atque
594 1841 754 1905 coronari.
768 1854 806 1927 p<
1732 1770 1761 1873 l
1967 1822 1991 1857 ‘⁷

379 1961 455 2026 Rex
485 1963 605 2026 deinde
627 1963 669 2026 ad
693 1951 804 2046 partes
832 1982 980 2026 reversus
1001 1960 1160 2026 australes
1183 1961 1349 2045 egregium
1380 1971 1642 2031 torneamentum
1664 1975 1771 2026 edward

290 2082 380 2167 apud
411 2032 882 2194 Dunme‘soleprpnizavit,
909 2102 985 2146 cum
1012 2081 1161 2147 ducentis
1190 2092 1222 2147 et
1252 2082 1388 2166 triginta
1414 2083 1583 2165 militibus,
1610 2098 1644 2154 et
1662 2050 1776 2158 ‘flux-

290 2206 408 2271 eodem
423 2225 509 2270 anno
526 2225 626 2269 unum
642 2205 779 2317 Q
792 2203 882 2289 apud
902 2203 1156 2288 Norhamptone
1171 2202 1240 2268 fieri
1259 2204 1416 2288 permisit.
1452 2240 1481 2299 χ
1663 2180 1750 2224 Μ’
1767 2166 1985 2317 *l‘fflffl‘i'2ff'
2011 2195 2018 2203 '
2041 2210 2049 2223 ··

379 2325 476 2405 Item,
506 2325 539 2390 in
570 2325 792 2411 parliamento
822 2326 912 2409 apud
935 2323 1270 2390 Westmonasterium
1291 2325 1466 2404 celebrato,
1489 2326 1644 2392 dominus
1663 2252 1853 2384 Reconcillrfl¹
1915 2300 1923 2316 ²
1973 2264 2010 2347 ‘l

2 2414 14 2486 ἦ
43 2390 256 2585 ῘξᾸρῖ
292 2446 456 2511 Iohannes
479 2447 744 2531 archiepiscopus
767 2444 1011 2537 Cantuariensis
1034 2446 1094 2510 luit
1117 2445 1185 2529 regi
1209 2446 1419 2524 conciliatus;
1441 2398 1810 2578 wilhalm

1662 2545 1704 2580 81¹0

24 2601 181 2719 sslff'e
209 2610 212 2619 .
282 2569 324 2633 ·in
340 2568 567 2665 parliamento,
582 2588 647 2633 non
662 2579 833 2669 tamquam
852 2589 913 2632 suo
929 2567 1035 2631 iudice
1050 2567 1227 2643 ordinario,
1243 2567 1361 2632 iuravit
1376 2568 1476 2651 quod,
1492 2568 1643 2650 quamvls
1662 2556 1761 2661 bishop.

121 2729 153 2815 Β
291 2691 333 2755 de
347 2710 409 2754 suo
424 2687 562 2755 concilio
577 2700 611 2753 et
625 2710 759 2754 assensu
776 2709 835 2753 rex
854 2689 985 2753 tiranno
1004 2687 1206 2753 Francorum
1224 2709 1284 2772 pro
1302 2690 1424 2754 ducatu
1439 2688 1644 2773 Aquitannie

29 2756 64 2875 l‘
74 2758 113 2838 ‘l
291 2821 324 2875 et
339 2811 499 2877 comitatu
516 2809 666 2876 Pontivie
680 2809 800 2876 fecerat
811 2809 1014 2893 homagium,
1026 2811 1069 2874 ad
1085 2808 1148 2875 hoc
1163 2820 1274 2874 tamen
1284 2830 1464 2893 numquam
1481 2812 1644 2876 consensit

55 2814 216 3213 ff
291 2941 462 3015 tamquam
493 2930 526 2994 in
556 2931 642 3015 regis
672 2930 900 3014 preiudicium,
921 2950 984 2996 nec
1010 2940 1046 2994 ut
1076 2931 1205 2997 tiranno
1228 2930 1429 2997 Francorum
1454 2931 1643 2996 huiusmodi

108 3044 224 3183 §spi
291 3052 466 3119 concilium
492 3053 658 3136 prebendo
684 3053 836 3137 placeret,
855 3062 905 3117 set
925 3052 1004 3136 quia
1028 3072 1090 3136 pro
1116 3062 1195 3117 tunc
1216 3051 1280 3118 hoc
1305 3053 1435 3136 putavit
1459 3052 1643 3143 consulcius
1735 3052 1767 3115 ⁴¹„-

41 3190 76 3256 ῤ’(
98 3220 101 3227 ·
198 3156 263 3228 9
290 3173 476 3239 laciendum
493 3195 553 3258 pro
572 3193 652 3258 pace
666 3183 700 3238 et
716 3174 859 3239 utilitate
875 3174 960 3257 regis
975 3183 1008 3238 et
1021 3173 1120 3257 regni.

59 3366 80 3399 r.
252 3294 262 3379 l
379 3294 458 3360 Post
484 3295 669 3378 predictum
700 3296 954 3379 parliamentum
981 3315 1040 3359 rex
1067 3293 1145 3359 fecit
1173 3295 1282 3360 lncudi
1311 3315 1444 3360 auream
1475 3305 1642 3361 monetam
1662 3306 1726 3384 Nee

60 3404 106 3515 *3
178 3395 208 3457 'll
250 3384 257 3485 l
291 3415 428 3498 triplicis
459 3413 588 3493 valoris,
620 3415 744 3481 scilicet
766 3416 936 3481 denarium
967 3415 1009 3497 vj.
1041 3415 1222 3481 solidorum
1252 3426 1286 3481 et
1315 3427 1392 3483 octo
1421 3417 1643 3496 denariorum,
1661 3388 1773 3438 comaga

254 3516 259 3531 Ι

257 3538 263 3609 l
292 3535 427 3601 obolum
443 3534 489 3598 xl.
505 3536 724 3612 denariorum,
739 3547 773 3601 et
788 3539 1006 3621 quadrantem
1026 3557 1086 3600 xx.
1103 3536 1323 3602 denariorum.
1340 3540 1390 3667 ><
1825 3614 1827 3619 Ι
1916 3612 1932 3635 η
2027 3618 2045 3629 ,Ι

257 3612 262 3693 l
379 3655 481 3722 Anno
504 3657 642 3723 Domini
666 3657 878 3740 nccexliij,
901 3658 986 3742 regis
1009 3656 1133 3740 Anglie
1159 3671 1208 3738 17,
1232 3659 1290 3722 reli
1316 3658 1391 3724 iosi
1445 3658 1634 3724 ssessionati
1662 3659 1818 3774 granuli?

291 3899 626 4017 Qiocalia
644 3901 802 3985 preciosa,
822 3922 922 3966 aurea
938 3909 972 3965 et
987 3910 1153 3984 argentea,
1177 3921 1281 3983 equos
1304 3900 1418 3978 eciam,
1434 3900 1528 3986 bigas
1543 3848 1894 4183 affe&

292 4018 488 4104 quadrigas3
504 4020 592 4086 unde
601 4041 698 4086 suum
708 4021 848 4086 erarium
858 4022 1000 4087 multum
1013 4022 1204 4086 notabiliter
1212 4021 1317 4088 suerat
1329 4020 1491 4090 ditatuma
1513 4023 1642 4087 Eodem

292 4162 379 4207 anno
400 4141 670 4207 committebatur
692 4142 913 4209 escaetoribus
935 4142 1025 4227 regis
1039 4143 1203 4226 inquirere
1218 4152 1252 4208 et
1270 4142 1449 4209 certificare
1469 4144 1642 4210 concilium
1662 4148 1771 4264 mffffiy
1784 4149 1814 4184 ⁰¹

292 4263 386 4348 regis,
401 4262 458 4346 qui
474 4262 517 4328 ad
527 4264 672 4328 valorem
688 4275 818 4330 centum
834 4264 1016 4331 solidorum
1028 4264 1081 4331 vel
1096 4286 1195 4351 supra
1209 4267 1251 4331 de
1271 4265 1343 4350 ipso
1359 4265 1391 4329 in
1407 4265 1513 4350 capite
1530 4289 1585 4332 scu
1601 4268 1643 4333 de
1661 4265 1760 4317 service.

934 4398 956 4448 L
982 4402 999 4449 2

158 3824 273 4101 A
291 3776 335 3842 ad
358 3797 470 3862 preces
492 3779 672 3843 amicorum
695 3778 791 3863 regis,
812 3779 914 3844 libere
938 3777 1147 3844 contulerunt
1169 3778 1209 3856 ei,
1232 3777 1265 3843 in
1288 3779 1540 3843 subventionem
1559 3779 1644 3844 iuste
1662 3788 1705 3840 the
1715 3789 1777 3854 king
