4282 4890
319 1660 339 1708 f.
351 1660 412 1708 149.

467 1067 1011 1174 CHRONICULUM
1052 1068 1403 1171 GALFRIDI
1444 1070 1535 1165 LE
1568 1071 1818 1169 BAKER

812 1293 911 1386 DE
953 1292 1465 1389 SWYNEBROKE.

553 1659 597 1724 IN
616 1661 798 1744 primordio
819 1660 988 1743 temporis,
1009 1670 1088 1725 ante
1108 1680 1243 1724 omnem
1263 1661 1362 1739 diem,
1379 1660 1472 1724 Deus
1493 1671 1588 1743 pater
1604 1661 1637 1724 in
1658 1660 1761 1725 verbo
1782 1670 1817 1724 et

463 1799 523 1862 per
538 1782 676 1846 verbum
692 1801 787 1845 suum
803 1780 881 1845 iecit
901 1802 944 1844 ex
961 1780 1081 1846 nichilo
1098 1801 1205 1845 rerum
1220 1780 1369 1845 omnium
1385 1780 1567 1856 materiam,
1584 1801 1685 1865 quam
1700 1789 1818 1864 postea

464 1921 524 1984 per
537 1900 581 1984 vj.
597 1901 668 1966 dies
682 1903 790 1966 varios
811 1901 966 1966 distinxit
986 1911 1086 1984 atque
1107 1903 1245 1967 ornavit.
1291 1902 1414 1966 Tribus
1436 1903 1549 1985 itaque
1569 1901 1684 1985 primis
1699 1901 1818 1966 diebus

466 2042 541 2085 eam
556 2021 740 2105 disposuit3
768 2022 940 2104 tribusque
960 2022 1174 2105 sequentibus
1192 2024 1333 2088 eandem
1354 2023 1492 2087 ornavit.
1527 2021 1681 2106 Septimo
1697 2023 1751 2088 die
1771 2023 1816 2086 ab

466 2141 556 2207 omni
580 2163 680 2226 opere
701 2143 791 2225 quod
811 2141 932 2207 iecerat
954 2141 1124 2225 requievit.

555 2262 665 2328 Primo
689 2284 833 2347 namque
856 2262 910 2327 die
932 2262 1010 2328 secit
1033 2263 1127 2328 Deus
1150 2262 1257 2327 lucem
1280 2264 1314 2327 in
1337 2265 1474 2327 modum
1496 2262 1606 2328 lucide
1628 2262 1736 2338 nubis,
1751 2283 1817 2346 que

464 2384 536 2449 vice
552 2383 631 2449 solis
647 2395 722 2450 ortu
738 2405 798 2448 suo
814 2383 905 2448 diem
921 2384 1043 2448 laceret
1059 2393 1093 2448 et
1108 2405 1227 2449 occasu
1247 2405 1308 2449 suo
1324 2394 1456 2449 noctem
1477 2385 1667 2462 induceret3
1691 2392 1725 2448 et
1741 2403 1817 2448 cum

465 2505 530 2570 ista
552 2504 626 2570 luce
647 2504 756 2589 primo
779 2504 834 2568 die
856 2505 956 2570 creati
980 2514 1056 2569 sunt
1079 2504 1197 2589 angeli.

553 2625 708 2692 Secundo
733 2626 787 2690 die
811 2625 888 2691 iecit
919 2626 1012 2690 Deus
1036 2625 1284 2704 firmamentum
1309 2627 1341 2690 in
1368 2627 1479 2691 medio
1505 2645 1675 2709 aquarum,
1702 2624 1736 2689 id
1767 2634 1817 2690 est

465 2748 635 2830 quandam
672 2747 875 2812 exteriorem
908 2748 1024 2811 mundi
1057 2746 1264 2831 superficiem
1295 2768 1337 2812 ex
1369 2747 1464 2830 aquis
1495 2746 1685 2830 congelatis,
1716 2746 1819 2810 instar

347 2883 350 2888 ’
466 2868 601 2933 cristalli
617 2867 794 2933 solidatam
817 2878 850 2933 et
871 2867 1084 2952 perlucidam,
1100 2867 1185 2933 intra
1205 2889 1241 2932 se
1263 2878 1371 2933 cetera
1392 2867 1559 2933 sensibilia
1582 2868 1817 2931 continentem.

467 2989 513 3053 Et
534 2989 652 3053 dicitur
673 2987 927 3064 firmamentum,
950 3009 1017 3053 non
1039 2998 1170 3054 tantum
1193 2998 1330 3073 propter
1351 2988 1561 3066 soliditatem,
1579 2999 1630 3052 set
1653 2988 1730 3071 quia
1752 2999 1816 3052 ter·

466 3111 575 3174 minus
598 3118 649 3174 est
674 3129 844 3192 aquarum,
870 3129 935 3191 que
956 3130 1054 3193 super
1073 3110 1181 3193 ipsum
1204 3119 1288 3188 sunt,
1313 3109 1426 3174 firmus
1444 3120 1479 3175 et
1501 3109 1814 3193 intransgressibilis.

467 3231 594 3296 Dicunt
608 3231 743 3314 quidam
758 3230 848 3314 quod
865 3230 929 3295 isto
944 3231 997 3295 die
1019 3230 1151 3296 Lucifer
1168 3231 1306 3313 angelus
1322 3241 1423 3314 atque
1438 3229 1502 3308 alii,
1516 3231 1573 3313 qui
1594 3251 1655 3295 suo
1677 3230 1816 3295 concilio

464 3363 710 3428 consenserunt,
726 3355 770 3418 de
791 3352 864 3417 celo
885 3362 964 3417 sunt
985 3351 1098 3431 eiecti3
1123 3363 1157 3418 et
1178 3352 1255 3417 ideo
1277 3352 1358 3416 seria
1380 3350 1525 3416 secunda
1548 3352 1590 3415 de
1612 3351 1738 3434 angelis
1759 3353 1816 3434 qui

467 3484 693 3540 remanserunt
710 3475 742 3538 in
758 3473 924 3557 aliquibus
943 3472 1088 3538 ecclesiis
1104 3473 1203 3537 missa
1218 3472 1410 3539 celebratur.

551 3596 672 3661 Tercio
694 3597 748 3661 die
771 3595 986 3681 congregavit
1011 3596 1102 3660 Deus
1125 3616 1237 3679 aquas,
1253 3615 1317 3678 que
1340 3594 1401 3660 sub
1424 3592 1635 3658 firmamento
1658 3604 1760 3673 erant,
1782 3594 1816 3658 in

466 3738 569 3782 unum
585 3717 693 3782 locum
709 3743 717 3796 ;
740 3727 774 3782 et
790 3726 868 3782 tunc
891 3717 1046 3801 apparuit
1064 3716 1164 3795 arida,
1180 3716 1214 3781 id
1235 3725 1285 3781 est
1306 3725 1402 3781 terra.
1447 3714 1678 3798 Produxitque
1697 3715 1816 3780 eodem

468 3841 522 3904 die
537 3839 674 3903 herbam
690 3839 852 3903 virentem
873 3848 908 3902 et
925 3836 1100 3902 facientem
1119 3858 1241 3918 semen,
1256 3837 1448 3922 lignumque
1468 3835 1677 3920 pomiferum,
1693 3835 1817 3901 iaciens

466 3961 608 4026 fructum
632 3960 814 4024 secundum
836 3977 940 4042 genus
962 3979 1068 4024 suum.

554 4080 684 4164 Quarto
700 4081 834 4164 dieque
850 4080 1057 4164 disposuerat
1078 4080 1166 4161 cepit
1182 4099 1319 4158 ornare;
1343 4090 1377 4145 et
1393 4080 1476 4144 sicut
1493 4077 1748 4162 disposicionem
1769 4077 1815 4142 sic

466 4215 618 4268 ornatum
634 4224 654 4268 a
670 4202 891 4287 superioribus
912 4201 1088 4278 inchoavit,
1103 4200 1226 4267 scilicet
1249 4223 1269 4265 a
1292 4199 1511 4266 firmamento.
1557 4199 1650 4265 Fecit
1669 4199 1756 4264 enim
1776 4219 1815 4263 ea
