4282 4890
286 485 441 539 annam.
461 471 561 571 largis
582 493 639 539 eos
662 470 788 538 ditans¹
813 473 1001 539 muneribus
1023 484 1122 558 atque
1145 473 1295 537 libertate
1318 493 1384 556 quo
1399 472 1520 538 vellent
1542 470 1640 537 eundi
1664 471 1722 536 eiis
1736 491 1814 538 con·

315 575 415 589 '—
460 615 570 673 cessa3
601 595 777 695 populares
803 594 907 662 eciam
935 604 1081 679 repertos
1106 594 1138 657 in
1160 593 1239 658 villa
1262 592 1324 677 piis
1348 593 1533 658 elemosinis
1557 593 1653 678 regiis
1677 592 1815 657 refectos

460 716 554 782 iussit
575 737 678 800 usque
695 737 807 781 versus
830 726 972 782 castrum
995 717 1038 781 de
1061 714 1175 800 Gynes
1198 715 1366 779 indemnes
1388 680 1662 811 conducifi'ost
1684 713 1815 798 capcio-

287 863 361 912 Fons
461 856 538 901 nem
563 836 649 914 ville,
674 837 796 901 milites
820 858 865 902 ex
893 837 979 920 regis
1006 836 1143 921 imperio
1172 846 1327 920 ceperunt
1354 837 1498 901 maneria
1522 837 1565 900 de
1591 834 1699 938 Q
1714 845 1747 898 et
1773 835 1816 897 de
1842 880 1846 886 -

287 926 427 1025 created-3·
464 956 575 1039 Hoye,
597 969 630 1022 et
654 958 686 1020 in
709 955 772 1021 illis
794 978 868 1025 cum
894 977 1014 1041 magna
1036 957 1231 1024 difficultate
1252 956 1484 1022 edificaverunt
1507 954 1676 1033 fortalicia,
1699 955 1817 1039 positis

150 1124 156 1133 .
251 1081 308 1138 Ἢ
461 1079 642 1144 secundum
665 1080 824 1179 ordinem,
846 1079 901 1144 ubi
920 1100 1005 1148 nunc
1025 1090 1101 1144 sunt
1124 1080 1218 1157 muri,
1239 1079 1272 1143 in
1294 1079 1431 1145 circuitu
1453 1078 1652 1187 q‘iliiiyim
1668 1077 1817 1143 vacuatis

461 1208 513 1265 set
536 1199 701 1283 lapidibus
724 1200 865 1285 repletis,
887 1210 923 1266 ut
943 1209 1066 1267 starent
1089 1222 1149 1286 pro
1173 1222 1267 1265 muro
1289 1210 1404 1268 contra
1426 1201 1546 1279 hostes,
1564 1199 1749 1266 castellanis
1771 1200 1815 1264 ad

462 1318 548 1386 intra
570 1341 739 1386 murorum
762 1321 965 1388 edificacioni
990 1323 1262 1394 incumbentibus.

550 1441 652 1508 Anno
679 1442 816 1509 Domini
842 1442 1062 1527 dcccxlvii,
1087 1444 1242 1509 Edwardi
1270 1443 1355 1527 regis
1380 1443 1504 1527 Anglie
1533 1463 1620 1508 anno
1649 1441 1740 1526 regni
1766 1457 1817 1519 21,

463 1584 539 1647 rege
570 1566 671 1629 modo
698 1565 879 1650 prescripto
907 1565 1071 1632 obsidioni
1098 1565 1218 1631 Calesii
1245 1565 1462 1643 incumbente,
1491 1564 1652 1648 predones
1681 1563 1713 1627 in
1744 1562 1817 1625 An·

463 1684 539 1767 glia,
557 1685 683 1749 nullum
703 1687 888 1751 timendum
909 1687 1108 1765 estimantes,
1125 1686 1278 1753 licencius
1297 1686 1396 1751 solito
1418 1707 1493 1752 suas
1516 1685 1682 1770 nequicias
1703 1705 1818 1750 excer·
1847 1734 1859 1799 ,ρ
1877 1756 1884 1794 ,ἦ
1922 1708 1925 1715 ’
1960 1704 1965 1713 ’

2038 1744 2062 1773 f

463 1815 598 1871 cuerunt
610 1830 618 1884 3
642 1807 737 1899 ›un-de
759 1806 929 1871 iusticiarii
952 1818 1021 1871 tam
1045 1809 1206 1891 predones
1227 1828 1329 1891 quam
1352 1808 1435 1872 alios
1455 1807 1544 1892 pacis
1564 1808 1818 1892 perturbatores,
1843 1792 1869 1813 '¹
1890 1812 1912 1911 's'
1972 1834 2022 1907 ff*
2057 1748 2075 1907 ο]

463 1934 636 2008 tamquam
660 1926 846 2010 proditores
873 1927 959 2010 regis
984 1937 1018 1991 et
1043 1928 1142 2010 regni,
1166 1929 1370 2012 puniverunt,
1393 1948 1458 1992 non
1482 1929 1556 2025 plus
1578 1928 1695 2013 clerico
1716 1949 1817 2032 uuam
1864 1920 1950 2005 (sl-3
1968 1922 1978 1953 ·’
2004 1918 2008 1923 ’

258 1986 343 2164 ‘i
464 2046 548 2111 laico
564 2057 742 2148 parcentes,
760 2048 917 2132 imposito
935 2049 1070 2115 cuilibet
1089 2050 1148 2114 tali
1169 2050 1351 2115 facinoroso
1374 2050 1482 2134 ipsum
1505 2050 1538 2114 in
1561 2049 1670 2135 capud
1691 2051 1817 2134 regium

464 2178 497 2232 et
513 2168 603 2253 regni
619 2168 843 2253 perdicionem
863 2169 894 2234 in
911 2169 1056 2234 savorem
1073 2171 1274 2237 Francorum
1294 2171 1393 2235 luisse
1408 2192 1606 2254 perversum.

290 2323 417 2373 0,th
551 2289 681 2355 Eodem
706 2300 865 2375 tempore,
892 2301 967 2376 post
992 2291 1119 2356 Kalesii
1146 2292 1346 2376 capcionem,
1373 2291 1495 2376 incepit
1520 2291 1584 2356 illis
1608 2292 1640 2356 in
1666 2293 1817 2377 partibus

288 2389 386 2520 {Q
464 2411 521 2476 illa
542 2409 702 2495 generalis
726 2411 914 2495 pestilencia
936 2434 957 2478 a
979 2413 1129 2497 partibus
1151 2414 1285 2479 orientis
1307 2413 1487 2505 successive
1508 2411 1652 2490 defluxa,
1675 2415 1762 2478 unde
1785 2414 1817 2478 in
1851 2418 1861 2429 '
1896 2414 1903 2449 ¹¹
1937 2410 1943 2449 “·
1995 2436 1999 2443 ’
2073 2450 2077 2457 -

463 2532 611 2616 qualibet
626 2543 721 2617 parte
744 2533 859 2598 mundi
882 2554 1002 2618 magna
1025 2533 1205 2600 multitudo
1227 2535 1399 2600 hominum
1421 2534 1590 2616 utriusque
1611 2555 1712 2600 sexus
1728 2535 1816 2599 viam

61 2662 83 2811 p
105 2594 173 2849 *L
511 2654 613 2718 iverse
631 2654 737 2720 carnis
753 2654 1005 2740 ingrediebatur,
1021 2657 1113 2723 sicud
1132 2656 1214 2722 infra
1231 2656 1359 2742 plenius
1374 2657 1510 2722 dicetur.

156 2675 662 2856 —fgtmeNsanta
743 2776 874 2857 tilencia
891 2777 1323 2883 occasfflngrjnistrante
1352 2776 1442 2841 missi
1463 2777 1645 2843 cardinales
1661 2796 1706 2842 ex
1724 2787 1819 2861 parte

167 2896 176 2909 '
290 2870 411 2985 &mageo
466 2894 669 3011 Galliporupr
690 2896 857 2980 pecierunt
880 2907 1012 2982 treugas
1032 2920 1054 2963 a
1070 2919 1228 2982 capcione
1248 2896 1368 2964 Calesii
1390 2918 1494 2981 usque
1515 2899 1559 2962 ad
1576 2897 1694 2964 festum
1713 2900 1818 2965 sancti

323 2944 400 2986 tween

290 3000 407 3115 ἕξω
466 2966 623 3081 sitisti*
639 2996 795 3100 proximo
813 3018 958 3082 futurum
976 3020 1160 3084 duraturas.
1206 3018 1334 3092 Prelate
1353 3016 1508 3103 peticioni
1528 3038 1604 3102 rege
1623 3038 1817 3083 consensum

291 3131 392 3183 Franee.
464 3138 630 3222 prebente,
652 3137 845 3202 ordinantur
866 3149 981 3221 treuge
1002 3160 1061 3247 per
1083 3139 1248 3223 predictos
1269 3138 1572 3227 cardinales-atque
1595 3139 1749 3205 comitem
1777 3141 1820 3204 de
1868 3054 1936 3255 'i'

466 3258 527 3333 Ew
542 3269 575 3323 et
597 3257 770 3322 dominum
790 3259 833 3323 de
852 3257 1083 3342 Tankervylle,
1101 3259 1394 3397 qub
1415 3260 1524 3353 l'pgma
1537 3259 1578 3353 .'
1601 3257 1707 3347 §guig
1707 3260 1821 3357 Μυῖ-

141 3348 214 3532 (4
235 3344 331 3494 if]
465 3379 691 3467 demdictata,
706 3390 756 3473 set
773 3379 804 3443 in
820 3378 977 3444 Latinum
995 3401 1059 3446 mer
1075 3381 1256 3447 mrnisterio
1271 3381 1318 3448 sic
1332 3380 1510 3447 translata:

291 3541 356 3592 Text
367 3543 397 3592 os
405 3543 448 3596 the
552 3525 837 3606 ‘Memorandum
851 3528 942 3610 quod
964 3537 1080 3623 Qge
1101 3526 1186 3594 inter
1207 3528 1291 3595 duos
1311 3548 1404 3613 reges
1423 3537 1499 3593 sunt
1522 3528 1602 3593 inite
1621 3550 1682 3613 pro
1703 3531 1819 3614 seipsis

290 3614 364 3660 “¹¹⁰‘'
465 3638 499 3694 et
527 3649 640 3694 eorum
667 3630 822 3697 subiectis
845 3641 879 3696 et
904 3652 1018 3696 eorum
1048 3632 1295 3699 coadiutoribus
1318 3642 1353 3697 et
1379 3632 1438 3697 eiis
1463 3632 1673 3698 aderentibus
1698 3643 1732 3699 et
1758 3655 1819 3719 pro

464 3743 538 3799 tota
564 3735 671 3818 patria
697 3734 824 3800 abelis
855 3736 986 3829 ipculta,
1012 3738 1058 3802 ita
1083 3739 1174 3821 quod
1199 3758 1315 3802 omnes
1335 3736 1504 3822 capitanei
1529 3737 1675 3822 predicte
1703 3760 1820 3825 guerre

465 3838 531 3903 sint
546 3837 684 3922 obligati
700 3850 733 3904 et
749 3840 845 3905 iurati
862 3840 894 3904 in
909 3841 1042 3924 speciali
1058 3843 1101 3906 ad
1117 3852 1249 3926 treugas
1264 3842 1432 3907 tenendas.

553 3943 702 4027 ‘Treuge
728 3944 789 4008 iste
816 3944 895 4008 inite
921 3945 1106 4030 specialiter
1131 3968 1176 4010 ex
1202 3955 1297 4031 parte
1322 3967 1383 4031 pro
1413 3966 1489 4030 rege
1519 3945 1643 4030 Anglie
1671 3968 1819 4033 compre·

325 4052 416 4102 crau.
466 4046 612 4113 hendant
641 4058 748 4115 totam
779 4048 967 4116 Flandriam
998 4059 1032 4116 et
1062 4061 1182 4115 terram
1209 4051 1251 4116 de
1278 4050 1413 4141 Qbffle
1438 4062 1472 4118 et
1496 4051 1608 4118 villam
1636 4049 1756 4119 Calesii
1785 4064 1819 4119 et

1049 4243 1058 4277 ¹
1077 4192 1184 4301 detans.
1204 4246 1236 4301 B.
1330 4320 1336 4343 ,-
1365 4284 1375 4305 ,»
