4282 4890
467 279 530 342 106
911 285 1156 342 CHRONICON
1175 286 1380 342 GALFRIDI

1518 87 1802 278 ree

292 504 363 557 An.
367 506 448 555 1850.
465 487 604 585 pectinis
619 487 743 564 ruituri,
760 487 875 570 quod
867 508 898 550 1n
920 487 1080 571 principio
1098 487 1161 551 fult
1181 489 1225 551 ab
1243 487 1351 552 officio
1370 487 1484 552 debito
1505 507 1699 571 suspensum
1716 496 1819 570 atque

322 595 603 683 ‘Gallicis
633 609 791 673 traditum
822 608 964 673 tutele
955 629 987 671 m
1018 609 1148 672 illorum
1172 607 1370 672 delusoriam
1398 609 1714 674 assecuritacionem.
1759 608 1818 673 Ad

292 707 413 824 {lm
468 674 641 810 strepltbln
657 724 731 789 saxi
752 736 785 789 et
806 726 916 810 pontis
936 725 1030 790 fracti
1048 725 1166 789 armati
1189 726 1355 790 anacorite
1357 725 1521 810 ,depulso
1537 747 1632 790 muro
1648 725 1740 791 fictili
1759 746 1818 789 eos

469 845 705 924 occultante,a
685 856 923 963 appstptarunt
945 856 978 910 et
1001 846 1044 910 ad
1064 866 1160 909 suum
1185 845 1335 955 ordinem
1357 846 1477 910 milites
1501 847 1721 929 Francigenas
1744 866 1819 911 coe·

469 977 586 1053 gerunt
602 967 674 1032 dira
688 967 888 1063 salutacione
910 967 1075 1031 invitatos.
1122 966 1266 1031 Insultus
1287 926 1462 1031 dcerrimus
1482 987 1583 1050 quam
1603 968 1660 1032 diu
1679 967 1819 1043 duravit,

470 1100 520 1153 set
557 1089 691 1154 tandem
729 1088 848 1153 devicti
884 1087 996 1153 hostes
1033 1087 1226 1171 suppliciter
1262 1087 1425 1153 victorum
1462 1087 1623 1153 voluntati
1655 1108 1691 1152 se
1728 1107 1820 1153 com·

472 1210 671 1277 miseruntx

294 1325 444 1443 fflffl
558 1331 718 1396 Extranei
740 1331 797 1414 qui
820 1351 885 1395 non
908 1331 1079 1409 intrarunt,
1101 1332 1214 1396 statim
1237 1339 1415 1416 postquam
1439 1341 1654 1416 perceperunt
1684 1351 1819 1395 suorum

294 1457 449 1524 intheopen
470 1452 682 1532 delusionem,
704 1463 798 1535 terga
815 1464 1002 1532 verterunt;
1026 1473 1109 1535 quos
1129 1454 1284 1518 dominus
1305 1475 1374 1531 rex,
1393 1475 1468 1519 cum
1489 1453 1698 1538 paucioribus
1719 1473 1820 1535 quam

469 1577 611 1641 sedecim
642 1575 778 1640 armatis
810 1584 844 1638 et
873 1574 1013 1639 totidem
1050 1574 1263 1710 sagptariis
1265 1576 1373 1669 ipsum
1410 1586 1583 1640 vocantem
1621 1584 1672 1639 set
1709 1584 1820 1639 tamen

469 1697 617 1780 ignotum
641 1696 883 1772 comitantibus,
905 1695 1061 1778 fugitivos
1084 1668 1222 1774 laces'sit,
1246 1697 1368 1760 multos
1391 1697 1577 1780 prostravit,
1599 1707 1633 1761 et
1656 1696 1688 1760 in
1718 1717 1822 1779 parvo

470 1828 620 1899 tempore
645 1818 742 1882 valde
762 1818 961 1901 periculosos
986 1817 1115 1882 labores
1138 1819 1331 1901 superavit.
1360 1817 1504 1901 Cognita
1527 1819 1662 1882 demum
1688 1817 1822 1881 Franci-

471 1936 583 2021 genis¹
607 1938 851 2022 insequencium
875 1939 1048 2021 paucitate,
1071 1939 1241 2021 octoginta
1262 1939 1323 2001 viri
1346 1950 1548 2003 armatorum
1571 1949 1687 2003 contra
1709 1957 1821 2021 regem

471 2079 507 2122 se
539 2058 717 2141 religarunt
727 2057 749 2121 ².
807 2057 884 2122 Non
914 2059 1021 2122 audeo
1043 2059 1207 2143 sapiencie
1237 2079 1297 2124 nec
1326 2060 1469 2124 discrete
1499 2060 1619 2125 milicie
1647 2069 1697 2124 set
1728 2078 1822 2142 mag·

471 2178 657 2244 nanimitati
677 2179 762 2269 regis
779 2178 941 2243 ascribere
964 2178 1053 2243 illam
1076 2200 1169 2244 suam
1191 2179 1223 2242 in
1242 2178 1354 2244 hostes
1375 2180 1649 2264 persecucionem,
1671 2179 1823 2262 quamvis

472 2299 579 2363 bene
570 2319 602 2362 m
623 2307 717 2364 tanto
737 2298 909 2383 periculo
900 2319 1008 2384 rpsum
1030 2308 1160 2364 constet
1181 2319 1250 2363 rem
1270 2301 1410 2384 gessisse
1419 2299 1489 2375 ³,et
1506 2301 1617 2385 gracia
1633 2299 1723 2364 Dei
1714 2294 1849 2401 rpmisu

472 2430 690 2535 preservante
705 2419 862 2486 honorem
877 2419 1101 2527 ventilacionis
1117 2430 1311 2505 reportasse.
1362 2422 1431 2487 Ubi
1447 2443 1566 2506 nempe
1570 2420 1663 2486 vidit
1679 2422 1823 2486 Francos
1845 2372 1852 2519 l

473 2542 636 2624 religatos,
666 2541 784 2607 abiecit
817 2512 919 2626 gladii
947 2541 1111 2646 vaginam,
1140 2554 1174 2607 et
1203 2564 1280 2608 suos
1317 2520 1686 2626 confortans-'aitque
1677 2562 1823 2628 ipsorum
1868 2552 1939 2611 §aa
1939 2512 1993 2599 ἶ
1983 2560 2058 2593 ›uev
2032 2514 2079 2595 ul

413 2719 420 2733 ,
473 2660 635 2725 stacioncs
650 2659 826 2743 disponens
841 2660 884 2724 ad
899 2660 1034 2724 viriliter
1052 2663 1217 2745 agendum
1233 2662 1433 2746 provocavit.
1484 2659 1655 2743 Sagittarii
1670 2660 1774 2726 eciam
1791 2660 1823 2723 in

475 2783 614 2858 marisco
629 2802 649 2844 a
665 2781 821 2847 lateribus
836 2793 1038 2848 armatorum
1054 2783 1270 2847 constitemnt
1286 2783 1318 2846 in
1336 2783 1430 2847 siccis
1446 2782 1633 2847 monticulis
1651 2793 1684 2847 et
1700 2782 1824 2881 llQif
1867 2791 1983 2882 treug

475 2901 650 2986 paludibus
676 2901 920 2979 circumvallati,
944 2923 985 2967 ne
1013 2904 1157 2986 graviter
1185 2904 1304 2967 armati
1334 2903 1461 2986 equites
1488 2913 1546 2967 aut
1576 2903 1704 2986 pedites
1734 2903 1824 2986 ipsos

419 3093 426 3111 ⁵
473 3021 610 3085 fuissent
633 3022 779 3099 insecuti,
819 3022 874 3086 uin
922 3022 1012 3086 ocius
1035 3021 1301 3111 ⁵1¹wa
1300 3021 1488 3117 leQisse⁶·
1535 3022 1615 3087 lllos
1637 3022 1740 3086 eciam
1764 3042 1824 3084 rex

343 3170 346 3177 ·
397 3112 449 3195 ιζ’
475 3141 664 3207 confortans
685 3152 718 3205 et
741 3143 784 3207 ad
807 3142 857 3206 sui
886 3143 1045 3225 pietatem
1075 3144 1203 3207 decenti
1234 3143 1378 3208 alliciens
1407 3143 1580 3221 blandicia,
1608 3144 1654 3208 sic
1687 3142 1824 3206 affatur:

476 3263 583 3327 ‘Bene
602 3258 718 3338 facite,’
737 3263 894 3346 inquiens,
910 3240 1152 3361 fflenentes,
1168 3275 1201 3329 et
1224 3265 1341 3330 scitote
1358 3265 1450 3348 quod
1468 3284 1532 3347 ego
1552 3284 1624 3329 sum
1642 3264 1825 3328 Edwardus

477 3384 519 3448 de
543 3380 792 3467 Wyndesore⁰·'
838 3382 991 3467 Cognitis
1014 3394 1092 3449 tunc
1114 3385 1258 3469 primum
1281 3386 1366 3469 regis
1389 3387 1556 3469 presencia
1577 3396 1610 3449 et
1633 3385 1826 3450 necessitate

477 3502 728 3583 benefaciendi,
751 3504 913 3588 sagittarii
933 3506 1096 3569 nudantes
1119 3504 1200 3570 sual
1218 3506 1337 3591 capita,
1360 3505 1547 3572 brachiaet
1570 3484 1825 3589 pectam-nuri

477 3647 536 3690 sua
557 3626 678 3690 virtute
699 3626 829 3710 sagittis
851 3646 916 3691 non
946 3626 1120 3710 perdendis
1150 3629 1333 3705 incubuere,
1355 3637 1389 3693 et
1420 3627 1564 3693 Gallicos
1593 3626 1827 3711 appropiantes

477 3749 582 3813 acutis
611 3747 741 3832 sagittis
770 3748 933 3813 salutatos
961 3749 1079 3814 acriter
1107 3749 1205 3815 valde
1236 3760 1438 3847 receperunt
1498 3748 1634 3813 Armati
1666 3758 1826 3812 stetemnt

478 3889 521 3932 ex
538 3878 676 3951 utraque
691 3878 785 3952 parte
799 3888 898 3952 super
912 3868 1047 3952 longum
1068 3880 1102 3934 et
1103 3822 1270 3935 bitum
1246 3872 1481 3956 pavimentum,
1497 3871 1529 3934 in
1547 3870 1639 3936 cuius
1654 3869 1827 3933 latitudine

512 4053 523 4088 ¹
541 4073 595 4111 om.
615 4058 647 4111 B.
1034 4054 1045 4089 ²
1062 4074 1092 4114 se
1102 4058 1196 4132 religa]
1210 4076 1263 4114 om.
1283 4060 1315 4114 C.

513 4141 696 4216 ³quam[v]is
723 4144 752 4201 in
778 4154 858 4200 tanto
887 4143 1011 4216 periculo
1041 4145 1134 4217 ipsum
1164 4155 1274 4202 constet
1301 4144 1444 4216 egregium
1470 4144 1578 4202 lacinus
1608 4145 1681 4201 bene
1709 4144 1829 4199 finaliter

477 4230 627 4303 peregisse.
647 4234 679 4289 C.
793 4231 971 4304 ⁴submergi.
991 4233 1023 4290 C.
1077 4231 1242 4289 ‘bitumen
1261 4235 1293 4288 B.
1365 4230 1576 4304 ‘Wyndezore
1596 4234 1628 4290 C.
1699 4228 1782 4286 7οινι.
1796 4233 1827 4287 C.
