4282 4890
467 256 508 323 86
900 266 1147 324 CHRONICON
1167 266 1374 323 GALFRIDI

948 354 1193 451 wige-,jin

119 436 180 630 †
288 459 446 535 annom.
464 460 497 524 in
526 460 677 539 crastino,
709 481 808 545 super
836 460 940 527 altare
965 454 1122 527 viaticum
1155 463 1255 527 missa
1275 464 1318 527 de
1342 461 1504 545 Requiem
1527 473 1561 527 et
1583 462 1656 527 aliis
1678 463 1815 548 privatis

318 550 417 563 -ι
974 544 1102 565 Ν...

463 579 643 659 celebratis,
669 582 770 648 ducto
795 602 906 649 secum
936 603 1074 666 corpore
1096 582 1216 648 nobilis
1246 582 1332 667 regis
1363 582 1508 662 Boemie,
1534 584 1733 649 transierunt
1758 607 1816 669 per

321 719 342 767 r.
354 720 416 770 12³.
464 704 698 769 monasterium
711 706 754 769 de
766 703 998 787 Mounteneye,
1009 715 1042 768 et
1059 703 1114 768 die
1127 704 1246 770 Martis
1257 704 1407 787 sequenti
1419 724 1479 788 per
1488 725 1591 769 unum
1602 705 1727 771 malum
1738 727 1814 790 pas·

61 840 134 904 un»
148 793 215 876 lt*
234 826 248 871 ¹⁰³
462 826 591 909 sagium
609 827 652 892 ad
666 824 779 890 villam
802 827 845 890 de
868 825 1081 910 Mounteney,
1097 836 1130 891 et
1153 827 1274 891 exinde
1295 829 1338 890 ad
1359 826 1533 891 abbaciam
1551 828 1594 893 de
1613 826 1707 892 Seint
1727 828 1814 893 Ioce.
1851 852 1912 913 15¹

217 978 230 1003 s
282 962 375 1047 „ft
416 998 424 1049 5
464 947 592 1025 Postea,
614 957 838 1055 get-ereuntes
858 948 982 1013 vadum
1029 948 1184 1023 uoddam‚
1206 947 1250 1012 ad
1275 946 1408 1011 Novum
1434 957 1578 1013 castrum
1604 950 1814 1027 devenerunt,
1844 924 1858 997 j!

61 1034 203 1187 μ’)
212 1024 329 1179 ξ),
321 1050 400 1183 ‘i
380 1052 420 1123 l
462 1067 519 1133 ubi
548 1068 711 1134 demorati
741 968 1168 1146 duobusffiffle
1189 1077 1348 1132 venerunt
1372 1065 1545 1146 Calesiam,
1568 1088 1668 1151 quam
1700 1071 1813 1134 statim

77 1176 89 1217 ¹
75 1174 179 1283 Ψ
288 1199 362 1265 siege
373 1200 403 1249 or
462 1188 634 1254 obsidione
649 1188 861 1265 vallaverunt,
874 1198 992 1272 quarto
1007 1188 1062 1253 die
1078 1187 1293 1273 Septembris,
1305 1208 1392 1254 anno
1408 1189 1499 1272 regni
1515 1190 1601 1273 regis
1616 1188 1740 1274 Anglie
1752 1212 1815 1255 xx.

61 1326 127 1405 Q
84 1339 266 1543 Md&
286 1265 383 1396 Ϋειξὲἶ
462 1320 496 1375 et
518 1331 539 1375 a
559 1321 740 1393 conquestu
765 1310 902 1375 Francie
924 1310 1076 1394 septimo
1094 1345 1126 1401 χ

288 1446 426 1501 TheSoots

550 1431 727 1510 Edwardo,
743 1432 806 1496 Dei
828 1431 939 1515 gracia
961 1452 1038 1515 rege
1055 1429 1178 1514 Anglie
1200 1441 1233 1496 et
1258 1430 1394 1497 Francis
1410 1441 1635 1515 conquestore,
1627 1452 1820 1549 ,Q

286 1513 378 1565 invade

77 1608 145 1747 p]
182 1634 229 1683 y
287 1579 410 1646 Focum
455 1550 734 1663 Qillam
752 1553 795 1618 de
814 1550 934 1635 Caleys
948 1552 1128 1628 obsidente,
1145 1552 1235 1616 misit
1253 1553 1401 1616 tirannus
1420 1551 1621 1618 Francorum
1640 1552 1683 1617 ad
1703 1553 1813 1619 David

135 1680 173 1763 ²:l
226 1760 230 1767 Ι
462 1693 571 1757 regem
604 1671 779 1739 Scotorum
813 1692 970 1756 magnum
1000 1692 1172 1736 numerum
1205 1673 1417 1738 lanuencium
1451 1683 1485 1737 et
1519 1672 1658 1739 aliorum
1688 1675 1812 1758 stipen-

141 1784 145 1791 ’
460 1793 650 1871 diariorum,
673 1793 781 1877 ipsum
803 1803 960 1857 exortans
982 1813 1041 1878 per
1066 1814 1142 1858 suas
1167 1792 1277 1857 literas
1302 1793 1392 1876 quod
1415 1792 1585 1877 Angliam,
1610 1815 1670 1861 sua
1693 1795 1815 1860 milicia

460 1925 493 1980 et
519 1915 597 1979 viris
619 1914 791 1991 bellicosis,
814 1924 850 1977 ut
872 1913 969 1991 dixit,
962 1925 1193 2033 „eQm
1216 1913 1343 1979 fortiter
1368 1916 1602 1998 aggrederetur
1624 1917 1814 2000 depredare,

460 2046 568 2103 castra
590 2045 624 2100 et
647 2036 846 2101 municiones
867 2055 1068 2119 expugnare,
1087 2045 1120 2100 ct
1143 2038 1185 2101 ad
1208 2056 1287 2100 suos
1308 2057 1385 2099 usus
1407 2056 1580 2113 reservare,
1603 2046 1640 2101 ut
1662 2037 1744 2139 alias
1767 2036 1813 2100 illi

460 2159 529 2223 duo
560 2156 659 2221 simul
684 2156 746 2221 sibi
775 2166 881 2222 totam
909 2156 1067 2240 Angliam
1095 2178 1135 2222 eo
1165 2156 1291 2221 facilius
1316 2157 1562 2241 subiugarentn
1585 2158 1700 2242 Igitur,
1729 2159 1814 2224 circa

460 2279 579 2345 festum
603 2279 706 2344 sancti
731 2277 881 2356 Dionisii,
904 2299 964 2342 rex
991 2277 1167 2344 Scotorum
1195 2278 1305 2342 David
1333 2299 1409 2344 cum
1435 2278 1589 2362 potencia
1618 2279 1751 2346 Scotica
1779 2291 1813 2370 et

460 2399 680 2486 stipendiariis
705 2400 768 2464 sibi
795 2399 901 2464 missis
926 2399 1108 2483 ingreditur
1132 2399 1303 2483 Angliam,
1329 2399 1500 2465 dimittens
1527 2398 1727 2464 Berewicum
1754 2420 1813 2485 per

460 2522 622 2606 Anglicos
647 2521 827 2587 defensum.
873 2521 1033 2599 Tandem,
1057 2531 1231 2605 peragrata
1258 2520 1378 2586 foresta
1399 2519 1560 2585 Alnewici
1583 2530 1616 2585 et
1643 2521 1813 2586 adiacente

460 2645 568 2729 patria
593 2646 783 2728 depredata,
805 2653 1038 2728 oppugnarunt
1061 2638 1245 2725 quoddam’
1255 2642 1437 2706 manerium
1460 2639 1606 2707 domini¹
1631 2645 1674 2707 de
1695 2640 1818 2723 Wake,

284 2767 434 2882 captureor
459 2776 615 2831 vocatum
638 2764 843 2859 Q
861 2766 1047 2830 Predictum
1070 2764 1179 2830 locum
1202 2785 1261 2848 per
1282 2774 1415 2847 tempus
1437 2763 1564 2846 aliquot
1586 2773 1702 2829 contra
1725 2765 1814 2849 ipsos

284 2833 415 2884 thecastle

201 2962 205 2969 θ
284 2897 449 2985 etQ
460 2887 659 2953 defendebat
688 2888 842 2952 dominus
872 2885 1049 2951 Gualterus
1071 2888 1113 2951 de
1136 2884 1267 2969 Seleby,
1290 2884 1384 2948 miles
1406 2905 1525 2969 magne
1547 2884 1734 2969 probitatis,
1756 2886 1813 2968 qui

284 2999 431 3132 {lefslgglyffl
459 3009 605 3085 tandem,
621 3007 708 3072 mole
729 3006 904 3073 Scotorum
920 3017 1062 3082 coactus,
1076 3006 1192 3071 victori
1207 3027 1242 3070 se
1258 3005 1402 3071 reddidit
1416 3026 1477 3089 pro
1493 3006 1719 3120 redemppippe
1734 3026 1811 3071 con-

283 3139 369 3249 pgtffi
460 3129 649 3205 servandus,
679 3128 736 3211 qui
761 3147 836 3191 eum
861 3128 894 3191 in
918 3127 1074 3211 graciam,
1099 3146 1191 3191 more
1220 3127 1353 3191 victoris
1382 3126 1465 3190 de
1456 3146 1525 3189 rure
1553 3125 1687 3191 militari
1717 3124 1811 3190 bellis

461 3248 602 3317 Scoticis
624 3258 723 3331 atque
746 3245 882 3313 Gallicis
905 3247 1037 3325 usitato,
1061 3241 1213 3334 [cepit²].
1265 3244 1344 3309 Vite
1366 3244 1452 3310 illius
1474 3255 1613 3330 captura
1634 3247 1678 3312 ad
1702 3246 1812 3310 David

459 3370 617 3437 noticiam
632 3369 798 3446 ventilata,
816 3368 946 3432 iubetur
968 3338 1404 3463 occidiffiujmiserentem
1422 3376 1523 3449 atque
1546 3367 1811 3451 redempcionem

459 3492 679 3560 affectantem.
724 3491 976 3575 Deprecabatur
1002 3498 1039 3554 ut
1065 3489 1108 3555 ad
1135 3488 1246 3554 David
1273 3498 1485 3571 conspectum
1508 3488 1602 3554 vivus
1628 3490 1811 3555 duceretur.

493 3689 502 3723 ¹
522 3690 645 3747 domine.
670 3690 703 3745 B.

493 3777 505 3812 ²
524 3778 680 3836 Gnoltnns
691 3815 699 3832 .
712 3816 719 3832 .
732 3816 739 3833 .
751 3773 844 3849 cepit]
884 3774 953 3831 Παῖς
962 3777 1084 3847 passage
1095 3775 1122 3830 is
1132 3776 1165 3830 in
1177 3778 1255 3829 niter
1264 3773 1412 3847 confusion
1426 3774 1459 3828 in
1476 3775 1519 3840 Β.,
1525 3771 1664 3845 probably
1674 3774 1775 3846 owing
1783 3779 1813 3829 to

457 3886 477 3923 a
482 3872 556 3940 part
565 3867 633 3938 osit
642 3865 755 3938 having
767 3866 831 3920 been
847 3866 963 3920 written
980 3865 1013 3919 in
1029 3863 1076 3918 tin
1091 3863 1207 3935 margin
1223 3861 1310 3935 ostiu
1321 3862 1451 3934 original
1460 3861 1529 3918 MS.
1541 3861 1604 3916 and
1615 3860 1817 3931 incorporated

457 3957 523 4013 itere
540 3961 573 4010 ai
588 3954 635 4011 tire
651 3968 756 4026 wrong
765 3954 860 4026 point.
894 3953 926 4008 Jt
935 3954 962 4007 is
973 3969 1006 4007 as
1009 3951 1130 4025 follows
1138 3970 1149 4007 .·
1168 3951 1317 4006 Gualterus
1330 3951 1366 4006 de
1379 3950 1493 4005 victoris
1511 3967 1542 4005 se
1560 3948 1682 4005 reddidit
1699 3967 1751 4021 pro
1769 3967 1811 4006 re·

459 4044 627 4116 dempcione
646 4042 856 4099 conservandus
879 4039 927 4113 qui
947 4057 1030 4097 suum
1055 4039 1083 4096 in
1104 4038 1228 4111 graciam
1250 4039 1354 4109 Seleby
1372 4037 1453 4094 miles
1472 4054 1577 4108 magne
1595 4036 1745 4109 probitatis
1763 4037 1811 4110 qui

456 4133 572 4189 tandem
594 4132 669 4188 mole
690 4132 838 4189 Scotorum
859 4140 972 4187 coactus
993 4146 1070 4186 more
1091 4128 1189 4186 victori
1211 4127 1248 4185 de
1269 4127 1328 4185 iure
1349 4125 1461 4184 militari
1482 4124 1563 4185 bellis
1585 4124 1706 4185 Scoticis
1726 4136 1811 4198 atque

458 4221 573 4278 Gallicis
586 4218 707 4278 visitato.

1923 832 2006 895 μβ
