4282 4890
483 291 543 338 122
576 367 578 370 p
923 283 1169 341 CHRONICON
1188 285 1393 341 GALFRIDI

303 491 459 541 atulam.
476 491 634 547 coronato
665 482 876 559 Francorum,
906 503 982 566 rege
1012 481 1138 548 eciam¹
1160 483 1308 548 Navarre
1338 493 1372 547 et
1394 484 1478 549 duce
1509 483 1699 567 Burgundie
1728 493 1830 567 atque

332 582 430 596 —
475 601 623 686 plurimis
653 603 787 686 paribus
816 614 849 668 et
878 603 951 668 aliis
980 605 1022 668 de
1045 624 1146 688 regno
1171 605 1317 682 Francie,
1340 605 1411 668 dux
1441 605 1646 669 dextrarium
1678 607 1831 671 decenter

474 725 673 800 conscendit,
691 725 781 789 omni
799 725 894 807 signo
912 726 981 789 sine
999 724 1129 790 deiectu
1149 725 1259 791 duello
1274 727 1470 799 desiderato.
1528 725 1673 792 Omnino
1696 737 1830 811 paratus

474 846 663 928 expectavit
680 846 856 910 adversarii
877 829 1144 930 preparacionem
1168 856 1202 911 et
1219 867 1334 912 vocem
1353 847 1503 929 preconis
1521 858 1621 929 atque
1639 849 1829 913 cautionem

475 966 658 1033 communis
669 966 840 1061 iuramenti
852 967 894 1030 de
906 966 971 1031 fide
984 967 1148 1033 dictorum
1162 977 1195 1031 et
1207 967 1376 1077 parendo'
1368 968 1437 1031 ruri
1473 968 1503 1031 E
1517 978 1631 1033 contra
1643 970 1828 1051 predictum

477 1086 638 1152 Ottonem
660 1088 719 1151 vix
728 1086 891 1153 ²auxilio
913 1089 1158 1195 sublevancium
1182 1109 1286 1203 equus
1310 1066 1524 1154 recalcitrans
1535 1090 1668 1172 recepit
1699 1091 1829 1168 invitus,

140 1182 422 1301 ιῖΓΜ
476 1229 496 1272 a
519 1228 586 1291 quo
608 1220 739 1305 evectus
761 1230 826 1273 non
850 1182 958 1292 potuit
980 1176 1142 1275 cassidem
1166 1194 1215 1273 set
1238 1230 1345 1292 neque
1366 1219 1496 1274 scutum
1524 1211 1677 1276 decenter
1703 1222 1829 1293 aptare,

350 1364 355 1373 ·
475 1338 533 1393 aut
549 1328 695 1394 lanceam
719 1331 851 1413 erigere,
866 1340 923 1395 aut
946 1351 981 1395 se
998 1351 1064 1395 non
1080 1350 1177 1413 posse
1198 1331 1383 1395 vecorditer
1397 1328 1528 1395 finxit³.
1574 1330 1692 1415 Itaque
1714 1333 1828 1396 statim

359 1444 362 1449 ’
403 1543 413 1565 ⁶
476 1461 633 1516 coronato
655 1462 757 1534 atque
767 1452 847 1567 ,egi
869 1450 1006 1535 aliisque
1028 1452 1232 1534 presentibus
1253 1462 1422 1535 comperta
1454 1450 1589 1517 Ottonis
1620 1453 1830 1536 impotencia,

475 1581 650 1636 coronatus
672 1572 873 1638 Francorum
892 1593 1026 1637 causam
1050 1572 1279 1637 monomachie
1299 1573 1565 1656 pertractandam
1586 1572 1649 1636 sibi
1673 1574 1829 1638 continuo

476 1691 662 1757 reservavit.
707 1693 807 1759 Unde
829 1692 913 1758 Otto
936 1693 1088 1777 primitus
1112 1694 1217 1758 iussus
1240 1715 1260 1757 a
1284 1690 1381 1758 loco⁴
1403 1693 1560 1758 abscessit
1570 1691 1592 1770 ⁵,
1615 1693 1671 1757 et⁶
1694 1695 1726 1756 in
1753 1714 1830 1758 area

477 1815 548 1878 dux
570 1813 768 1896 expectavit.
814 1814 893 1878 Post
915 1813 985 1890 hec,
1008 1825 1165 1897 precepto
1186 1814 1334 1879 coronati
1364 1812 1576 1891 Francorum,
1601 1813 1684 1879 Otto
1712 1814 1829 1878 iuravit

402 1906 408 1919 ⁹
477 1934 568 2016 quod
605 1953 786 2017 numquam
824 1955 868 1998 ex
912 1944 990 1999 tunc
1027 1935 1070 1999 de
1106 1935 1255 2017 predicto
1296 1933 1434 1998 articulo
1477 1935 1596 1999 ducem
1638 1934 1829 1999 Lancastrie

477 2053 734 2138 calumpniaret3
756 2063 791 2119 et
806 2055 927 2119 abinde
942 2056 1012 2121 dux
1028 2076 1087 2139 per
1106 2053 1297 2120 Selandiam
1313 2055 1514 2138 repatriavit.

301 2165 453 2296 32¹3er
563 2174 758 2285 {nfr'fifncja
804 2176 883 2242 Post
920 2175 1142 2261 Epiphaniam
1177 2176 1272 2242 istius
1301 2177 1387 2254 anni,
1420 2176 1452 2239 in
1483 2175 1702 2259 parliamento
1738 2179 1828 2260 apud

302 2364 374 2414 loose

302 2297 461 2350 rhemos
477 2272 809 2362 westmonasterium
831 2297 1007 2376 celebrato,
1030 2296 1092 2362 suit
1104 2298 1302 2376 ordinatum
1325 2298 1368 2363 ad
1396 2298 1651 2391 ipggaqpappm
1616 2297 1835 2393 Londoniffl
1885 2324 1918 2417 s
2028 2342 2045 2397 ,με

302 2445 342 2478 wo
342 2445 407 2559 en
476 2418 683 2501 sinm,„quod
706 2417 796 2484 nulla
819 2419 976 2484 meretrix
999 2417 1135 2485 notata⁷
1167 2427 1312 2502 gestaret
1342 2420 1385 2485 de
1417 2428 1527 2484 cetero
1555 2419 1729 2509 capucium
1768 2420 1828 2483 nisi
1883 2432 1889 2449 ··

61 2446 396 2637 mamm:
494 2540 705 2623 tragulatum,
736 2560 842 2624 neque
871 2549 1017 2607 uteretur
1041 2540 1188 2653 pellura
1189 2550 1248 2606 aut
1270 2541 1417 2605 vestibus
1447 2540 1629 2618 reversatis,
1655 2541 1718 2604 sub
1744 2561 1830 2624 pena
2001 2590 2007 2599 .

321 2590 714 2739 estatissaccionis
732 2661 957 2728 earumdem⁸.

138 2676 425 2901 aff·
565 2783 661 2861 Item,
676 2782 789 2847 bladi⁹
809 2784 938 2849 caristia
960 2804 1019 2869 per
1040 2783 1113 2848 illos
1132 2785 1174 2848 de
1194 2782 1351 2848 Selandia
1372 2793 1405 2848 et
1426 2782 1625 2848 Hibemicos
1647 2782 1829 2848 deferentes

261 2908 369 3031 forn·
476 2904 578 2970 blada
592 2906 720 2970 venalia
742 2906 785 2969 ad
804 2906 950 2970 diversos
960 2902 987 2942 ¹⁰
1004 2915 1120 2989 portus
1135 2925 1225 2990 regni
1217 2905 1399 2969 suitinm
1402 2925 1523 3000 agnum
1540 2905 1654 2993 ppouli
1670 2905 1829 2996 solacium

478 3046 524 3090 mr
541 3035 632 3109 rgata
666 3048 695 3103 χ

207 3064 251 3213 f
303 3167 387 3220 nath
399 3168 429 3218 os
565 3146 740 3211 Preterea'
732 3156 795 3212 isto
811 3166 897 3210 anno
916 3146 970 3229 pie
986 3147 1143 3211 memorie
1163 3146 1317 3211 dominus
1335 3143 1520 3210 Willelmus
1535 3146 1578 3209 de
1594 3146 1624 3209 la
1641 3144 1829 3225 Zowche¹¹,

176 3220 207 3361 [Ἰ
301 3233 445 3361 ffzssssch,
478 3267 743 3351 archiepiscopus
762 3268 990 3345 EboracensiS,
1005 3269 1048 3332 ab
1070 3267 1133 3333 hoc
1156 3268 1281 3331 mundo
1297 3266 1471 3350 migravit;
1503 3277 1536 3331 et
1559 3268 1591 3330 in
1607 3287 1702 3330 suum
1719 3266 1828 3332 locum

155 3368 177 3481 j'
302 3365 453 3482 ζῗξξζΐφ
479 3390 636 3473 magister
659 3389 826 3454 Iohannes
845 3390 888 3453 de
910 3386 1111 3472 Thursby¹²,
1134 3389 1309 3473 episcopus
1332 3387 1522 3453 Wrrcestrre
1533 3386 1559 3425 ¹³
1582 3397 1615 3452 et
1638 3390 1728 3472 regni
1751 3410 1828 3455 can·

143 3488 157 3597 r:
303 3497 433 3564 (19Ju1y).
476 3512 636 3590 cellarius,
653 3511 760 3576 fuerat
778 3511 969 3576 translatus.
984 3532 1031 3617 Χ

477 3752 666 3861 Μαῖὴῗίμᾏ
678 3751 837 3819 Mathie¹⁶
848 3753 1001 3843 apostoli,
1011 3750 1078 3817 in¹⁶
1090 3752 1307 3835 parliamento
1316 3751 1605 3818 Westmonasterii
1622 3753 1684 3818 fuit
1699 3753 1829 3818 ordina·

140 3612 145 3643 r

137 3700 141 3745 Ι

136 3804 142 3943 i

513 3926 521 3958 ¹
539 3936 567 3983 et
580 3942 655 3996 rege.
675 3928 707 3984 C.
883 3922 894 3956 ¹
912 3924 1052 3997 predictus
1066 3925 1147 3991 Otto;
1167 3923 1290 3980 andem.
1309 3922 1363 3980 vix.
1382 3925 1415 3981 C.
1581 3920 1592 3955 ⁸
1610 3922 1676 3979 fixit.
1696 3925 1728 3979 C.

508 4013 520 4045 ⁴
537 4033 556 4070 a
568 4012 638 4086 loco]
650 4031 704 4069 om.
724 4015 756 4070 B.
820 4056 824 4063 .
880 4010 892 4045 ⁸
909 4013 1032 4070 recessit.
1046 4015 1078 4069 C.
1209 4010 1220 4042 ⁶
1237 4013 1307 4068 absc.
1320 4011 1358 4082 et]
1372 4011 1543 4083 transposed
1557 4014 1598 4080 B;
1616 4021 1645 4067 et
1657 4028 1710 4066 om.
1724 4012 1756 4066 C.

510 4101 521 4135 ²
539 4112 647 4159 vocata
661 4104 694 4158 C.
819 4099 830 4131 ⁸
847 4101 1022 4157 eorumdem.
1044 4103 1076 4156 B.
1091 4102 1124 4156 C.
1250 4098 1262 4131 ⁹
1279 4100 1354 4156 badi.
1375 4101 1407 4155 C.
1514 4098 1537 4131 ¹⁰
1555 4098 1691 4156 diversas.
1712 4101 1744 4154 B.
1759 4100 1791 4156 C.

510 4191 528 4222 ¹¹
549 4192 668 4247 Souche.
688 4192 720 4246 C.
932 4187 954 4221 ¹²
971 4189 1110 4259 Thorsby.
1130 4189 1162 4245 C.
1375 4185 1397 4219 ¹⁸
1415 4186 1634 4258 Wygomiensis.
1655 4188 1687 4244 C.

509 4278 531 4310 ¹⁴
548 4296 607 4351 reg.
619 4279 704 4334 Edw.
717 4275 822 4349 xxvij]
836 4294 890 4332 om.
910 4279 942 4335 C.
1085 4273 1107 4308 ¹⁶
1125 4275 1240 4332 Mathei
1251 4274 1310 4347 vel]
1324 4292 1378 4330 om.
1398 4277 1430 4333 C.
1572 4273 1594 4306 ¹⁸
1613 4292 1667 4330 om.
1687 4275 1720 4329 Β.

1146 4566 1243 4691 iu

302 3663 457 3714 mma,
564 3632 668 3697 Anno
694 3631 815 3697 Christi
839 3630 1012 3717 mcccig,
1035 3631 1121 3715 regis
1145 3630 1299 3697 Edwardi
1323 3629 1471 3714 xxvij.¹⁴,
1497 3631 1843 3735 Qtiiit...⁸t¹.¹⁶t[
