4282 4890
3 1766 71 1831 stin:
93 1776 132 1823 ΙΨ

10 1848 43 1905 1¹¹1
59 1866 74 1881 '‘

24 2476 91 2648 ><

564 268 620 321 LE
649 266 795 321 BAKER
820 266 880 319 DE
908 266 934 319 S
940 256 979 319 W
984 264 1219 320 VNEBROKE.
1527 275 1564 340 31

217 468 341 581 Q
377 469 529 550 equitans
565 467 745 550 stipatusac
765 466 943 530 Duxerunt
979 464 1152 548 exemplar
1188 464 1353 548 paciencie
1382 484 1441 548 per
1470 483 1566 546 gran·
1585 483 1656 532 an.
1665 483 1742 535 1³27.

215 591 287 673 gias
319 600 428 655 castro
459 587 625 653 Bristollie
657 588 864 671 pertinentes,
889 586 945 650 ubi
969 588 1012 651 de
1039 585 1114 667 seno
1136 585 1257 650 factam
1279 606 1435 651 coronam
1458 583 1566 668 capiti,

216 711 409 775 iamdudum
425 731 483 793 per
503 708 613 774 oleum
636 716 786 793 sanctum
809 716 1008 784 consecrato,
1024 706 1183 817 imposuit
1198 706 1340 771 nefarius
1355 706 1409 770 ille
1425 707 1468 770 de
1485 705 1567 769 Cor·
1586 715 1698 830 Ιιὲῐειιὲιὲἵ
1876 788 1881 815 ¹

217 851 310 913 neye,
326 830 633 925 ausushcontissngere
651 829 810 921 cbristum
822 828 900 919 Dei,
925 828 976 891 cui
999 810 1174 892 illudentes¹
1194 828 1312 910 yronia
1332 828 1429 891 nimis
1449 827 1568 891 acerba
1586 795 1715 909 incerngf'
1736 848 1739 855 ·
1805 824 1881 871 <¹⁸¹²
1901 838 1918 851 ’“
1931 853 1950 869 v
1976 846 1994 867 ··

218 950 339 1015 milites
354 952 530 1016 dixerunt:
555 947 673 1067 (Q
689 944 1057 1037 ‘Qfflngess
1074 949 1164 1031 quod
1187 958 1237 1012 est
1259 949 1368 1013 dictu:
1393 943 1567 1049 (ρςέςιὶξῇ

217 1070 389 1149 ‘Procede
405 1072 540 1136 domine
555 1067 635 1136 rex.’
681 1070 868 1135 Metuentes
878 1069 1014 1153 maligni
1026 1089 1067 1133 ne
1077 1069 1199 1163 pariter
1208 1069 1331 1134 directe
1343 1068 1569 1133 incedentibus
1602 1028 1750 1163 dffss'·
1764 1098 1772 1123 o
1787 1132 1796 1171 Ι
1815 1030 1870 1119 (aa
1890 1104 1901 1116 -·
1951 1082 1996 1121 ..s

1214 1156 1345 1181 w

218 1190 364 1256 obviaret
387 1192 505 1274 aliquis
529 1191 654 1256 amicus
681 1190 837 1255 Edwardi
856 1190 907 1254 vel
925 1211 1040 1254 manus
1063 1190 1245 1254 misericors
1260 1190 1367 1273 ipsum
1382 1190 1569 1268 liberatura,
1872 1172 1906 1199 Μ
1919 1198 1977 1287 „j

218 1312 462 1377 declinaverunt
478 1313 520 1376 ad
539 1313 714 1388 sinistram,
729 1311 914 1394 equitantes
935 1332 992 1394 per
1014 1312 1189 1378 mariscum
1211 1312 1254 1375 ad
1271 1310 1406 1375 fluvium
1429 1312 1570 1376 Sabrine
1618 1292 1647 1363 ’ἷᾶ
1692 1297 1725 1361 (ἓ
1773 1326 1853 1371 7‘ss
1918 1298 1969 1357 As,

1220 1391 1590 1419 mw-
1672 1404 1675 1409 ,

218 1434 440 1497 terminatum.
487 1433 649 1515 Ingeniati
678 1442 756 1496 sunt
780 1431 901 1495 inimici
932 1431 996 1494 Dei
1025 1429 1193 1513 quomodo
1225 1431 1426 1496 Edwardum
1456 1432 1569 1496 diffor-
1660 1428 1694 1479 ··”·”
1712 1438 1730 1479 '·-
1781 1456 1822 1493 ·..r
1863 1464 1891 1479 -ι
1923 1470 1993 1503 s„

236 1504 435 1531 Μ
785 1505 1003 1535 m...

220 1564 356 1628 marent,
371 1574 412 1616 ne
428 1553 511 1619 soret
527 1551 665 1617 faciliter
674 1562 770 1617 notus
785 1552 881 1617 alicui
890 1573 898 1632 ;
920 1553 1008 1616 unde
1023 1552 1124 1635 ipsius
1139 1552 1296 1616 cesariem
1310 1563 1380 1617 tarn
1392 1553 1569 1637 capitalem

218 1695 319 1756 quarn
349 1674 487 1738 barbam
511 1674 690 1737 radendam
713 1673 985 1755 constitueruntx
1006 1672 1195 1737 Venientes
1210 1674 1348 1757 proinde
1374 1676 1416 1738 ad
1446 1674 1569 1739 fossam

219 1796 252 1857 in
271 1795 384 1858 itinere
399 1794 642 1875 scaturientem,
662 1795 824 1858 iusserunt
847 1794 955 1877 ipsum
978 1815 1052 1857 rasu
1075 1795 1280 1858 descendere.
1327 1794 1389 1859 Cui
1413 1795 1570 1859 assidenti
1589 1813 1681 1929 {2121
1709 1877 1746 1928 ‘rh
1813 1858 1815 1863 .

1635 1895 1650 1926 v
1685 1893 1716 1927 wr
1811 1897 1886 1937 mae.
1903 1914 1927 1943 „D

1 1914 56 2009 ,w
74 1909 175 2009 mol,
217 1936 316 1998 super
342 1915 512 1979 cuiusdam
538 1913 630 1998 talpe
654 1912 878 1991 monticulam,
904 1913 1033 1998 pelvem
1061 1934 1136 1979 curn
1160 1935 1247 1997 aqua
1270 1915 1387 1999 frigida
1413 1917 1456 1980 de
1483 1916 1572 1982 fossa
1589 1945 1744 1994 ditchwater.
1839 1936 1874 1947 ·“

219 2046 350 2119 recepta
368 2035 478 2100 attulit
502 2035 732 2114 barbitonsor3
755 2035 806 2101 cui
821 2045 855 2099 et
870 2034 944 2099 aliis
959 2035 1177 2100 asserentibus
1192 2037 1282 2118 quod
1305 2056 1390 2118 aqua
1413 2035 1489 2101 talis
1509 2059 1571 2121 pro

218 2166 296 2221 tunc
323 2156 458 2220 deberet
482 2156 628 2220 sufficere
652 2157 699 2220 ait
735 2155 940 2220 Edwardus:
970 2155 1108 2220 ‘Velitis
1135 2155 1255 2234 nolitis,
1285 2156 1482 2221 habebimus
1509 2179 1570 2240 pro

219 2276 323 2340 barba
352 2296 455 2358 aquas
483 2273 626 2354 calidas,’
663 2287 705 2354 et,
734 2286 770 2340 ut
808 2277 1005 2360 promissum
1038 2277 1160 2342 veritas
1189 2288 1451 2360 consequeretur,
1482 2279 1569 2361 cepit

1862 2316 1913 2343 ἐν]

219 2396 349 2481 profuse
365 2396 569 2462 illacrimare.
615 2397 685 2462 Ista
704 2396 785 2460 mihi
807 2397 915 2461 retulit
933 2399 1045 2462 vivens
1093 2408 1145 2463 ost
1169 2418 1223 2461 ma
1247 2418 1324 2462 nam
1369 2397 1535 2462 estilencia
1738 2400 1760 2415 ''
1893 2428 1901 2437 ·

219 2516 402 2582 Willelmus
418 2517 572 2621 Biselrop,
597 2538 653 2608 qur
673 2486 866 2583 dductonus
892 2480 1049 2583 Edwardi
1075 2480 1224 2602 prellurt,
1242 2520 1330 2583 unde
1350 2516 1516 2582 consessus
1537 2528 1570 2582 et
1772 2566 1802 2577 ,η
1843 2564 1870 2573 .-

219 2639 378 2703 contritus
393 2614 613 2722 penituit'sub
630 2658 690 2721 spe
706 2637 928 2703 misericordie
943 2639 1063 2703 divine.
1111 2688 1119 2701 .

305 2757 458 2822 Tandem
480 2760 679 2823 devenerunt
701 2759 744 2822 ad
768 2768 912 2822 castrum
936 2759 1127 2842 Berkeleye,
1147 2759 1204 2822 ubi
1227 2758 1393 2843 paciencie
1412 2778 1570 2823 exercens
1590 2767 1632 2817 He
1643 2767 1733 2818 arrives

242 2879 250 2894 .
753 2879 760 2892 .
897 2879 904 2893 .
922 2879 930 2895 .
1233 2881 1240 2895 ,
1589 2833 1744 2898 atBerkeley.

218 2889 375 2944 virtutem
397 2879 547 2957 reclusus,
569 2889 607 2943 ut
629 2890 807 2955 anacorrta,
828 2879 947 2944 nobrlrs
973 2879 1165 2953 Edwardus‚
1185 2880 1251 2957 ubr,
1274 2900 1349 2945 cum
1373 2880 1601 3012 Q

220 3016 322 3079 regno
338 2995 513 3080 temporali
537 2995 704 3078 spoliatus,
721 2997 843 3061 nedum
864 3017 922 3079 per
944 2995 1144 3079 alienigenas
1159 3005 1209 3061 set
1224 3017 1283 3079 per
1297 3016 1445 3074 uxorem,
1460 3016 1571 3061 servos

219 3126 253 3180 et
279 3116 421 3194 ancillas,
446 3116 662 3181 bonorumet
689 3116 841 3181 utilitatis
865 3117 1013 3182 dominio
1039 3117 1195 3201 privatus,
1219 3118 1409 3200 expectavit
1433 3138 1571 3200 regnum

221 3247 370 3302 eternum
387 3258 448 3320 pro
463 3247 602 3302 terreno.
649 3236 748 3302 Uxor
770 3237 840 3302 eius
861 3237 1014 3316 Isabella,
1035 3238 1249 3321 impacienter
1270 3238 1375 3303 serens
1396 3241 1485 3321 quod
1501 3238 1571 3303 vita
1590 3252 1724 3304 Hisdeath

219 3360 270 3424 sui
294 3359 412 3437 mariti,
435 3360 559 3442 quem3
581 3359 720 3422 nimium
750 3359 864 3436 odivit,
894 3369 964 3425 erat
994 3360 1040 3424 ita
1070 3360 1127 3424 diu
1157 3357 1329 3443 protelata,
1361 3360 1570 3442 conqueritur
1589 3319 1741 3435 ggrermned

220 3480 379 3563 magistro
405 3500 466 3543 suo
494 3479 739 3557 Herefordensi,
763 3479 888 3564 fingens
914 3480 977 3545 sibi
1002 3481 1155 3581 sompnia
1181 3481 1324 3574 Qima
1346 3481 1571 3575 inteffiretatu,
1628 3488 1669 3581 j
1693 3486 1708 3525 ·¹·

220 3601 314 3673 unde,
331 3600 423 3664 sicud
442 3620 520 3664 vera
542 3600 639 3677 dixit,
657 3600 719 3663 sibi
738 3600 850 3664 timuit
873 3621 914 3664 ne
931 3600 981 3664 vir
1002 3621 1089 3675 suus,
1112 3598 1291 3682 aliquando
1309 3600 1464 3683 dignitati
1487 3601 1571 3684 pris·
1626 3592 1639 3631 ’'

220 3721 288 3784 tine
304 3719 482 3794 restitutus,
495 3720 601 3803 ipsam
616 3730 789 3804 tamquam
805 3720 1017 3803 proditricem
1028 3721 1157 3805 ignibus
1172 3731 1229 3786 aut
1244 3720 1394 3784 servituti
1410 3731 1571 3805 perpetue

220 3844 426 3924 dampnaret.
472 3841 658 3925 Episcopus
672 3842 788 3919 eciam,
804 3841 870 3906 lese
891 3843 980 3926 regie
1002 3843 1192 3927 magestatis
1208 3842 1270 3905 sibi
1286 3842 1441 3917 conscius,
1460 3842 1569 3906 timuit
1760 3922 1768 3943 Ι
1879 3850 1923 3935 0³9
1936 3856 1995 3941 'rc'

220 3962 283 4026 hoc
298 3962 386 4026 idem
406 3964 495 4044 quod
512 3962 662 4027 Isabella.
706 3962 862 4028 Aliorum
885 3985 950 4029 non
970 3963 1076 4028 minus
1098 3964 1143 4028 ob
1157 3964 1296 4027 eandem
1312 3983 1445 4027 causam
1466 3963 1570 4027 inten-
1618 3934 1715 4029 bs*
1756 3910 1834 3977 ‘U

220 4083 360 4148 debatur
389 4092 504 4161 metus,
535 4104 633 4179 quos
659 4085 814 4150 adversus
847 4084 1030 4149 Dominum
1059 4095 1092 4150 et
1121 4086 1277 4150 adversus
1310 4048 1578 4151 christum'ffi
1736 4106 1822 4181 ‚Q
1862 4080 1880 4095 ”

432 4218 442 4251 ¹
461 4219 609 4290 pepedens.
629 4223 661 4276 B.
825 4219 836 4254 ¹
854 4221 972 4294 prebuit.
991 4223 1023 4277 Β.
1183 4218 1194 4252 ⁸
1213 4238 1305 4291 quarn.
1325 4223 1357 4274 B.
