4282 4890
1538 134 1569 179 tl

465 39 521 109 7
595 39 778 149 Emi}
814 46 1110 225 &gfff-nn),-
1168 40 1365 105 i.s',0›t»,
1417 48 1455 89 ἰὴ
1545 48 1586 89 -“.

512 273 556 354 84
947 277 1194 336 canonicorv
1215 278 1420 336 uniantur

336 494 491 546 auam.
510 482 602 548 tariis
622 481 726 548 eciam
746 502 806 546 sua
824 480 897 546 ioca
917 480 1138 563 designarunt,
1157 491 1202 559 ut,
1225 500 1291 546 non
1309 502 1420 547 coram
1435 480 1581 561 armatis,
1599 490 1649 548 set
1666 504 1687 548 a
1709 483 1867 549 lateribus
2055 565 2062 613 ἱ
2086 502 2109 631 6

436 642 450 781 ἱ
484 584 597 688 fregis
614 605 778 669 exercitus
798 601 892 686 quasi
915 602 967 667 ale
990 611 1145 680 astarent,
1160 611 1194 667 et
1216 602 1263 667 sic
1285 624 1351 667 non
1374 604 1571 687 impedirent
1592 616 1738 671 armatos
1759 626 1866 688 neque
1897 616 1905 699 f
1949 674 1971 691 ,ἱ
2003 592 2006 601 ’
2060 640 2067 661 ι
2106 634 2109 653 ·

446 784 450 799 ,
486 724 652 815 2inimicis
667 734 872 790 occurrerent
887 723 921 788 in
937 723 1052 801 fronte,
1067 734 1117 787 set
1133 722 1165 786 in
1181 722 1285 787 latera
1300 724 1438 806 sagittas
1456 724 1675 791 fulminarent.
1757 729 1830 821 j]
1867 694 1904 815 (τι
1936 710 1945 781 l

338 802 497 981 arenchii
602 845 708 929 igitur
728 866 750 910 a
773 844 957 922 balistariis,
980 854 1017 909 ut
1040 845 1165 909 dictum
1189 855 1248 918 est,
1271 865 1329 929 per
1354 865 1457 927 equos
1480 867 1612 930 grossos
1635 822 1768 952 calcatis
1791 858 1868 914 eta
2026 892 2031 911 ,.

337 993 435 1044 thrown
456 968 469 1017 ἱ
493 967 690 1035 [dextrariis
713 986 770 1050 per
791 967 931 1049 sagittas
952 964 1134 1049 perforatis,
1151 965 1270 1069 ‘ipgpns
1293 965 1399 1069 lpctus
1421 966 1596 1083 Q
1616 967 1750 1063 lpvatur,
1768 978 1802 1033 et
1824 969 1868 1033 ab
1916 936 1973 1117 Γίῑὶ
2016 954 2022 965 ’
2071 1048 2099 1066 ,,

337 1059 461 1109 intocon·
507 1094 510 1105 ·
1222 1060 1226 1065 Ι
1940 1098 2006 1135 m
2031 1092 2047 1119 ε
2072 1074 2094 1123 ,ἢ

125 1120 213 1189 ’Μ
229 1100 284 1175 ,41)
336 1124 427 1174 fusion
484 1102 512 1193 ᾗ
558 1087 607 1151 uis
621 1086 842 1152 titubantibus
856 1087 937 1152 aciei
953 1085 1059 1151 forma
1071 1084 1273 1151 Gallicorum
1290 1087 1399 1151 orride
1413 1087 1704 1179 turfflr.xcum
1717 1089 1868 1172 Anglicis
1919 1107 1936 1133 u
1970 1176 1975 1183 ι
2117 1159 2122 1179 ι

380 1264 387 1273 .-
453 1188 482 1217 ⁵
510 1151 650 1299 itrmairs
682 1164 894 1292 confligentes
922 1206 1097 1285 securibus,
1126 1206 1255 1284 lanceis,
1283 1217 1316 1272 et
1344 1207 1464 1291 gladiis
1493 1219 1750 1292 prosternuntur,
1774 1221 1808 1276 et
1836 1212 1869 1274 in
1933 1175 2036 1249 *iactae-
2063 1186 2137 1283 'sa-se

513 1310 626 1683 {edio
648 1329 794 1395 exercitu
814 1328 1014 1394 Francorum
1035 1328 1131 1393 multi
1149 1326 1327 1412 compressi
1349 1349 1369 1392 a
1389 1327 1598 1394 multitudine
1617 1330 1780 1396 honerosa
1799 1332 1871 1396 sine

1953 1282 1984 1345 Α.
1999 1314 2031 1345 .·.·

338 1466 478 1517 measo
546 1451 634 1516 luere
668 1451 910 1536 opprimuntur.
927 1414 950 1461 μ
965 1450 1004 1514 In
1037 1460 1107 1515 tam
1145 1450 1217 1514 diro
1254 1468 1429 1531 congressu
1463 1449 1606 1515 acierum
1640 1453 1870 1536 magnanimus

338 1533 382 1650 pp
411 1547 480 1650 ἓξ
548 1572 700 1639 dwardus
725 1572 768 1637 de
791 1570 1005 1650 wodestoke,
1028 1571 1113 1654 regis
1135 1570 1382 1654 primogenitus,
1404 1591 1505 1654 agens
1527 1580 1605 1638 tunc
1627 1593 1749 1639 annum
1771 1574 1870 1639 etatis

552 1704 649 1758 xtum
666 1692 842 1770 decimum,
857 1693 890 1756 in
905 1693 1012 1776 prima
1027 1691 1177 1756 custodia
1191 1690 1387 1755 ostendebat
1406 1689 1542 1757 Gallicis
1559 1714 1653 1759 suam
1668 1695 1870 1779 probitatem

537 1814 756 1891 dmirandam,
779 1833 883 1895 equos
906 1812 1113 1897 perforando,
1135 1811 1261 1895 equites
1286 1814 1534 1896 prosternendo,
1558 1815 1700 1880 cassides
1726 1837 1872 1901 conqua-

499 1932 642 2083 petendo,
671 1934 800 2001 lanceas
832 1910 1023 2011 truncando,
1056 1933 1140 1998 ictus
1173 1932 1319 1999 obiectos
1356 1936 1534 2018 prudenter
1568 1935 1764 2015 frustrando,
1793 1959 1870 2003 suos

518 2056 670 2133 iuvando,
695 2076 731 2119 se
767 2054 876 2138 ipsum
909 2053 1124 2130 defendendo,
1156 2054 1281 2119 amicos
1317 2064 1500 2139 prostratos
1536 2057 1700 2141 erigendo,
1733 2069 1767 2122 et
1803 2059 1872 2122 suis

517 2176 671 2242 omnibus
689 2174 885 2259 exemplum
911 2174 1158 2240 benefaciendi
1191 2175 1377 2255 exibendo;
1412 2197 1472 2242 nec
1501 2187 1640 2243 atanto
1660 2177 1772 2244 labore
1791 2198 1870 2244 con·

367 2306 473 2357 21²2.
517 2296 650 2381 quievit,
673 2316 844 2380 quousque
867 2294 989 2360 inimici
1015 2316 1135 2380 aggere
1157 2272 1363 2363 mortuorum
1386 2266 1503 2362 muniti
1525 2319 1561 2363 se
1584 2299 1672 2383 ipsos
1694 2309 1870 2365 retraxere.

517 2418 569 2484 Ibi
597 2417 713 2485 didicit
742 2418 797 2483 ille
826 2417 975 2482 militaris
1007 2416 1114 2483 honor
1139 2419 1309 2501 quomodo
1335 2419 1708 2532 beQQstm,
1739 2420 1772 2484 in
1804 2442 1873 2504 quo

516 2542 731 2625 postmodum
747 2560 858 2624 regem
874 2539 1010 2605 Francie
1025 2538 1215 2623 captivavit,
1232 2549 1325 2606 actus
1342 2540 1500 2606 militares
1517 2552 1676 2626 expertus
1694 2542 1870 2607 ordinaret.

518 2661 557 2725 In
584 2662 648 2727 isto
674 2661 853 2728 certamine
876 2660 1087 2744 perstiterunt
1110 2661 1264 2726 continue
1287 2681 1364 2727 cum
1391 2662 1497 2726 iuveni
1520 2661 1666 2747 principe
1688 2673 1803 2729 contra
1825 2662 1871 2726 illi

517 2912 576 2966 aut
595 2901 686 2966 fessis
706 2924 763 2968 seu
778 2903 941 2968 wineratis
960 2902 1107 2966 retractis
1126 2903 1201 2968 novi
1217 2912 1362 2969 recentes
1380 2914 1644 2988 supervenerunt,
1659 2915 1692 2967 et
1709 2904 1877 2970 continuis

518 3023 703 3089 accessibus
721 3023 768 3086 ita
783 3031 966 3106 ocuparunt
982 3021 1162 3106 principem
1178 3033 1212 3088 et
1227 3024 1289 3088 sibi
1304 3035 1459 3102 astantes,
1474 3024 1565 3107 quod
1585 3044 1644 3109 per
1666 3024 1871 3108 ingruentem

518 3164 617 3227 super
632 3141 725 3206 illum
738 3142 859 3208 molem
871 3142 1016 3208 hostium
1028 3153 1106 3207 tunc
1118 3143 1377 3226 compellebatur
1387 3142 1583 3228 genuflexus
1592 3165 1746 3228 pugnare.
1777 3145 1872 3210 Tunc

518 3262 660 3331 cucurrit
676 3271 734 3329 aut
749 3263 910 3345 equitavit
925 3262 1075 3345 quidam²
1083 3264 1128 3327 ad
1143 3282 1255 3346 regem
1267 3285 1363 3329 suum
1379 3274 1517 3349 patrem,
1529 3273 1563 3328 et
1579 3276 1695 3349 petens
1709 3265 1872 3330 auxilium

519 3387 676 3470 exposuit
688 3384 869 3470 periculum
881 3385 970 3468 quod
987 3384 1182 3448 imminebat
1191 3406 1251 3450 suo
1262 3386 1504 3470 primogenito;
1521 3386 1608 3451 unde
1617 3386 1735 3450 missus
1761 3388 1810 3479 'tlh
1857 3385 1892 3475 ³3·
1917 3454 1946 3481 ,Ι
1981 3448 1991 3475 ι

518 3528 595 3572 cum
617 3529 678 3571 xx.
695 3507 854 3572 militibus
876 3507 909 3570 in
931 3505 1087 3591 principis
1110 3526 1308 3583 succursum,
1324 3507 1446 3572 invenit
1468 3508 1577 3591 ipsum
1599 3517 1634 3571 et
1656 3528 1732 3573 suos
1752 3488 1873 3573 lanceis

147 3626 151 3635 '
246 3668 259 3703 --,
314 3714 318 3721 ¹
356 3696 368 3731 ,ι
429 3637 553 3729 met
578 3627 698 3713 gladiis
723 3629 931 3733 appodiatps
955 3649 1054 3713 super
1079 3638 1209 3694 montes
1235 3638 1440 3694 mortuorum
1467 3628 1584 3712 longos
1607 3628 1815 3712 respiracioni
1839 3640 1873 3695 et

520 3749 623 3833 quieti
639 3748 819 3828 inclinatos,
836 3750 949 3816 hostes
966 3761 1125 3816 retractos
1139 3761 1324 3834 expectare.
1370 3747 1427 3815 Sic
1439 3771 1461 3814 a
1474 3748 1552 3815 solis
1572 3770 1690 3815 occasu
1709 3752 1872 3832 usquead

344 3888 476 3940 Mentor
520 3871 656 3937 terciam
674 3870 779 3937 noctis
794 3872 1010 3955 quadrantem
1016 3869 1681 3985 WQQQE
1682 3881 1832 3969 Q&
1833 3872 1873 3963 jn
1931 3845 1965 3955 6
1983 3846 2001 3919 ὃ

344 3954 449 4072 iffi,
521 4003 647 4076 quanto
668 4002 818 4077 tempore
840 4001 890 4057 ter
912 3991 1032 4060 Gallici
1053 4002 1183 4058 nostros
1204 3991 1474 4058 exclamaverunt
1496 3991 1666 4070 hostiliter,
1709 3992 1873 4081 uindecigs

520 4113 641 4182 nostris
663 4112 820 4180 insultum
842 4114 1012 4192 dederunt,
1033 4122 1084 4179 set
1105 4116 1241 4180 tandem
1262 4113 1341 4181 victi
1363 4113 1569 4198 abfugerunt.

735 4249 744 4285 ¹
762 4260 865 4309 astura
886 4252 918 4306 B.
1130 4250 1213 4309 ὀνκ.
1233 4253 1266 4307 Β.
1479 4247 1602 4306 'blant
1621 4251 1655 4305 B.

761 4311 927 4375 -
