4282 4890
589 304 645 360 rr
672 303 820 359 aaran
848 303 909 358 na
936 299 1245 357 swunaaaora.
1551 306 1589 358 αι

892 395 1011 490 ΕΜ
1028 430 1092 487 ”5
1126 419 1142 449 ⁶
1160 418 1177 452 ⁶
1194 396 1318 463 “W

243 514 277 570 ct
294 504 491 586 Germ‘ania;
513 515 674 572 vocantur
688 508 731 571 ad
747 505 910 590 stipendia
926 525 970 569 ex
985 504 1120 569 dotibus
1140 524 1226 568 nove
1239 511 1344 586 nupte
1364 500 1591 586 persolvenda.
1611 502 1765 554 mm·

1641 596 1739 609 ——nn

244 625 400 692 Preerant
423 628 583 693 exercitui
605 626 763 692 militares
782 627 843 690 viri
871 626 1048 700 Iohannes,
1071 623 1202 689 comitis
1228 624 1381 688 Hanonie
1407 644 1593 707 germanus,
1612 645 1735 709 Anamy

243 756 277 810 et
295 746 445 830 Rogerus
461 749 504 813 de
521 749 658 813 Mortuo
678 748 772 821 mari,
789 748 856 812 iam
871 758 950 812 tunc
965 745 1201 812 secretissimus
1219 755 1320 828 atque
1341 744 1530 829 principalis
1551 745 1594 809 de
1611 709 1768 826 {plraefgedto

244 868 372 950 privata
393 869 518 934 familia
539 870 661 953 regine.
674 912 708 959 ι
1612 839 1737 906 England

333 990 481 1055 Classem
496 992 540 1056 ad
554 990 679 1074 Anglie
692 990 807 1056 littora
818 1002 936 1056 ventus
951 992 1110 1056 directam
1125 990 1255 1056 votivus
1270 988 1398 1073 depulit
1414 988 1446 1052 in
1462 997 1594 1072 portum
1614 996 1719 1073 Theex·

246 1110 430 1176 Horewille
456 1113 511 1177 die
536 1112 677 1177 Veneris
700 1114 857 1196 proxima
886 1124 965 1178 ante
986 1113 1107 1177 festum
1129 1112 1234 1176 sancti
1263 1109 1452 1188 Michaelis;
1483 1110 1535 1174 cui
1559 1129 1595 1173 se
1613 1062 1725 1177 ididiii

245 1232 362 1296 obvios
377 1233 670 1298 consederaverunt
687 1254 798 1299 comes
815 1233 992 1299 Mariscalli
1008 1244 1041 1298 et
1058 1234 1222 1298 Henricus
1234 1252 1345 1297 comes
1361 1231 1549 1306 Leicestrie,
1561 1241 1594 1295 et
1612 1194 1672 1309 gii
1672 1191 1716 1308 31,

245 1372 320 1417 cum
336 1354 396 1418 eiis
411 1355 574 1419 baronum
592 1365 696 1438 atque
711 1355 978 1420 commilitonum
989 1365 1144 1459 We
1160 1353 1351 1419 multitudo.
1396 1353 1469 1417 Nec
1480 1352 1594 1416 delue-
1611 1323 1742 1441 ffiffffl

245 1483 320 1538 runt
336 1474 453 1558 prelati
474 1475 613 1541 ducibus
632 1486 746 1541 contra
765 1478 907 1559 patriam
924 1486 957 1541 et
972 1477 1079 1560 patrie
1102 1476 1284 1560 principem
1306 1472 1483 1539 infideliter
1503 1492 1595 1537 com·
1613 1456 1704 1572 {m
1714 1520 1765 1571 and

607 1597 759 1663 facinoris
789 1597 1031 1663 machinatores
1061 1596 1304 1662 sceleratissimi
1333 1617 1392 1660 sue
1422 1588 1726 1679 discipule-bisons·

245 1594 364 1675 mixti3
403 1607 454 1661 set
492 1607 549 1662 tan

449 1639 541 1732 <silvi-
582 1667 696 1732 dnm

542 1686 559 1724 c.

245 1717 346 1780 armis
374 1718 474 1782 docte
478 1607 892 1809 gceiffibobviaverunt
921 1720 964 1783 ad
989 1718 1078 1783 diem
1102 1727 1337 1801 expectatum3
1368 1736 1435 1781 non
1459 1717 1593 1800 quidem
1647 1750 1688 1837 ἢ
1699 1746 1863 1822 stan-p·
1904 1712 1990 1825 ρξ’*

246 1834 470 1921 lanigerorum
496 1849 555 1904 aut
576 1838 699 1914 ovium,
718 1848 770 1904 set
793 1837 946 1923 luporum
969 1840 1207 1923 armigerorum
1230 1837 1421 1913 crudelium,
1445 1848 1597 1922 pastores

142 1898 156 1921 '⁸
254 1916 634 1951 mammem-q-
670 1936 691 1949 ..μ
809 1942 812 1947 ,
825 1938 831 1945 ,

246 1959 355 2022 minus
379 1978 481 2041 quam
504 1960 627 2047 Qannj
651 1960 770 2025 horum
799 1944 941 2073 Q
958 1946 1120 2044 'precipue
1145 1960 1301 2025 ducatum
1328 1958 1488 2042 prebuere
1543 1958 1618 2085 Ibiq

245 2079 314 2143 duo
330 2080 475 2145 seniores
490 2101 510 2145 a
528 2081 648 2164 quibus
663 2102 793 2165 egressa
809 2091 859 2147 est
875 2082 1030 2164 iniquitas
1048 2080 1241 2146 Babilonica
1261 2089 1376 2180 contra
1399 2079 1597 2163 Susannam,
1622 2082 1628 2089 '
1682 2072 1746 2184 s
1767 2172 1771 2177 Ι
1790 2144 1816 2177 Ἴ
1844 2136 1850 2153 ,

246 2210 297 2265 set
320 2222 382 2311 pro
405 2201 566 2291 Ierabele,
591 2201 644 2281 hii,
661 2204 805 2285 inquam,
829 2202 909 2267 Baal
933 2205 1132 2279 sacerdotes,
1147 2202 1295 2287 alumpni
1319 2180 1597 2279 Iesabel,sc'ilic'et

247 2321 486 2387 Lincolniensis
508 2300 830 2399 ei'Herefordensis,
852 2343 927 2387 cum
951 2325 990 2388 iis
1012 2344 1146 2408 quoque
1166 2322 1382 2429 Qalinensis
1404 2332 1504 2405 atque
1529 2322 1624 2387 Heu

247 2442 369 2522 liensis,
385 2463 461 2508 cum
482 2444 599 2508 eadem
620 2444 734 2528 regina
753 2465 911 2528 magnum
930 2446 1114 2510 exercitum
1137 2443 1597 2527 congregaruntxProditori

129 2589 144 2627 ι,
181 2552 213 2619 ι’
247 2563 392 2659 lacundo
419 2566 520 2629 verba
549 2566 802 2630 committuntur
833 2564 1079 2641 Heresordensi,
1109 2567 1166 2648 qui
1197 2564 1296 2649 pleno
1333 2564 1596 2647 conspiratorum
1617 2587 1768 2655 Desrgmor
1879 2609 1886 2613 -

246 2682 469 2769 parliamento
496 2686 662 2769 peroravit
690 2686 874 2770 expediens
896 2687 966 2751 sore
989 2706 1090 2770 regno
1112 2687 1203 2770 quod
1230 2694 1323 2750 tante
1346 2683 1527 2749 nobilitatis
1550 2685 1597 2749 ibi
1616 2655 1765 2787 mm

247 2815 448 2890 congregate
471 2806 608 2872 consilio
631 2809 795 2891 regendus
818 2828 878 2871 rex
909 2816 1130 2886 coartaretur3
1166 2807 1278 2891 regine
1309 2826 1443 2889 quoque
1472 2803 1598 2871 offensa
1638 2810 1744 2864 most

249 2926 462 2990 inexorabilis
488 2947 547 3011 per
572 2926 778 2993 voluntatem
809 2948 904 2992 suam
929 2929 1052 2993 iactam
1083 2930 1124 2993 de
1155 2927 1333 2993 comitibus
1362 2925 1533 2992 Wintonie
1563 2936 1598 2992 et

120 3041 162 3113 ni
249 3045 456 3114 Gloucestrie
478 3049 671 3132 placaretur.
717 3049 777 3115 Set
800 3051 877 3133 quia
897 3070 957 3134 pro
980 3050 1146 3116 constanti
1168 3050 1232 3114 suit
1254 3050 1343 3134 apud
1368 3069 1483 3114 omnes
1507 3048 1597 3132 quod

248 3189 317 3249 rex,
348 3157 495 3235 amicicie
524 3142 634 3236 cultor
669 3170 889 3251 fidelissimus,
917 3192 996 3236 suos
1032 3173 1155 3237 amicos
1185 3173 1325 3237 comites
1359 3171 1534 3255 predictos,
1564 3170 1597 3234 in

248 3312 389 3374 quorum
412 3312 527 3359 necem
551 3290 657 3358 fuerat
677 3293 790 3376 regina
804 3294 975 3367 debacata,
992 3283 1060 3358 non
1080 3293 1150 3358 sine
1170 3293 1346 3358 securitate
1360 3314 1419 3358 sue
1441 3292 1597 3382 comitiue
1647 3269 1708 3338 Ἣ·

247 3406 440 3489 dimitteret,
468 3414 530 3479 nisi
560 3414 689 3491 invituS,
715 3415 861 3498 itemque
892 3414 981 3498 quod
1012 3415 1062 3478 sui
1093 3415 1214 3479 iudicio
1239 3415 1426 3480 innocentes
1451 3413 1525 3477 illos
1554 3413 1598 3477 ab

250 3532 433 3597 invidorum
463 3534 602 3600 tiranide
627 3546 784 3611 tueretur,
808 3545 1042 3600 consenserunt
1064 3534 1155 3601 finali
1184 3536 1414 3619 precipuorum
1444 3534 1598 3599 iuratoria

249 3654 405 3719 caucione
426 3657 516 3738 quod
541 3677 639 3721 manu
660 3667 788 3722 armata
806 3657 892 3740 regis
914 3657 1081 3741 presencia
1102 3677 1162 3740 per
1188 3656 1261 3720 illos
1283 3653 1473 3739 peteretur¹.
1520 3655 1597 3718 Mit·
1616 3658 1711 3710 Iaetters

249 3783 364 3841 tuntur
391 3776 435 3840 ab
468 3778 615 3843 exercitu
646 3777 786 3862 epistole
815 3775 1019 3862 episcopales
1048 3778 1092 3842 ad
1115 3798 1194 3843 suos
1216 3777 1430 3861 coepiscopos
1454 3787 1488 3841 et
1513 3775 1597 3840 alios
1616 3732 1743 3856 oempiiffig

249 3896 382 3971 amicos,
398 3907 450 3962 tot
470 3899 579 3974 duces,
599 3907 650 3964 tot
669 3899 817 3978 comites,
834 3910 952 3983 totque
973 3900 1114 3964 barones
1135 3899 1354 3984 Francigenas
1372 3919 1447 3963 cum
1467 3896 1597 3962 illorum
1615 3857 1772 3973 imum

250 4017 353 4101 copiis
369 4017 565 4100 plenissimis
584 4040 643 4105 per
663 4041 773 4105 regem
796 4020 997 4086 Francorum
1015 4042 1076 4105 pro
1097 4021 1241 4087 tuicione
1262 4021 1339 4086 iuris
1355 4019 1464 4103 regine
1478 3980 1719 4112 sororis‘

248 4159 307 4207 sue
342 4140 460 4206 missos
495 4124 589 4226 ouod
618 4141 675 4207 vix
704 4164 818 4209 eorum
848 4142 949 4208 victui
979 4142 1106 4228 Anglia
1135 4143 1307 4210 sufficeret.
1306 4182 1339 4261 Γ
1368 4139 1599 4208 Constemitur
1733 4091 1995 4253 Ata-fluum
