4282 4890
468 298 511 374 64
912 300 1158 357 CHRONICON
1178 300 1383 356 GALFRIDI

292 510 501 564 A.n.1sao.et
532 497 682 563 Devonie
713 495 817 561 multa
848 494 935 561 mala
965 506 1079 561 contra
1112 497 1292 580 piscatores
1322 497 1525 575 commisere,
1548 508 1582 563 et
1611 519 1712 565 naves
1737 521 1820 583 quas

321 603 420 614 *-
468 622 658 685 invenerunt
680 619 842 683 solitarias
866 619 1103 697 incendebant3
1133 628 1166 683 et
1190 619 1323 683 tandem
1347 619 1379 681 in
1397 619 1586 684 ebdomada
1607 619 1819 686 Pentecosten

467 753 602 826 portum
633 742 675 805 de
706 738 940 804 Plummouthe
968 740 1079 804 subito
1110 706 1255 822 ingressi,
1284 761 1384 804 naves
1421 743 1583 823 quasdam
1614 762 1751 824 magnas
1786 751 1821 805 et

349 895 366 943 y
468 883 622 946 magnam
638 861 714 925 ville
730 870 857 945 partem
874 860 1004 943 ignibus
1021 862 1206 925 vastabant.
1252 860 1382 944 Quibus
1401 862 1493 927 dedit
1511 862 1644 927 obviam
1666 862 1820 928 dominus

468 984 570 1067 Hugo
601 984 643 1048 de
675 982 873 1064 Courtenay,
904 1002 1014 1046 comes
1052 982 1210 1060 Devonie‚
1240 983 1334 1047 miles
1367 985 1604 1066 octogenarius,
1634 1006 1710 1050 cum
1747 985 1820 1049 aliis

468 1104 627 1168 militibus
653 1104 738 1167 illius
762 1104 948 1168 comitatus.
1009 1103 1078 1181 Isti,
1102 1114 1177 1187 post
1208 1104 1430 1187 perdicionem
1460 1106 1682 1187 quorumdam
1712 1128 1819 1190 popu·

405 1218 585 1290 larium
601 1226 657 1308 qui
680 1225 841 1290 dearmati
857 1225 1011 1308 quarellis
1032 1224 1274 1289 balistariorum
1293 1225 1525 1304 occubuerunt,
1541 1227 1675 1291 demum
1695 1227 1819 1311 piratas

466 1347 615 1412 cominus
645 1348 882 1430 aggredientes,
906 1346 1027 1411 multos
1057 1366 1155 1430 super
1184 1347 1312 1411 aridam
1343 1356 1578 1426 mactaverunt,
1610 1348 1744 1431 reliquis
1775 1350 1818 1413 ad

466 1469 597 1551 navigia
627 1468 801 1544 ventilatis,
831 1477 864 1531 et
895 1467 1039 1531 multos¹
1069 1468 1201 1550 navigio
1231 1489 1296 1533 non
1326 1467 1472 1532 valentes
1502 1469 1699 1553 appropiare
1729 1489 1819 1532 mare

466 1589 651 1667 submersit,
680 1589 724 1653 ad
755 1608 927 1652 numerum
957 1589 1221 1672 quingentorum,
1251 1591 1431 1654 secundum
1464 1590 1723 1675 estimacjonem
1728 1600 1865 1679 „tunc-⁹

466 1711 670 1834 presencium
694 1710 826 1809 ibidem.
819 1720 898 1845 Χ

474 1812 662 1896 Wllbva
677 1830 805 1923 ppgpta
831 1829 916 1937 regis
941 1851 1036 1894 aures
1060 1829 1092 1893 in
1118 1814 1300 1895 Brabancia
1327 1831 1561 1896 commorantis
1591 1840 1819 1939 ffircusserunt

466 1971 525 2034 per
551 1960 730 2015 asserentes
756 1951 846 2033 quod
871 1949 1003 2034 Hampt
1005 1971 1104 2015 onam
1126 1960 1159 2014 et
1184 1951 1267 2015 alios
1318 1959 1409 2015 ortus
1432 1950 1556 2033 Anglie
1582 1972 1658 2017 cum
1687 1951 1818 2016 illorum

292 2147 424 2264 {ppppecrp
466 2212 581 2257 amrcrs
603 2212 713 2256 secum
744 2193 956 2276 presentibus,
980 2192 1103 2258 scilicet
1127 2191 1307 2258 marchioni
1335 2163 1507 2257 Iuliacensr
1532 2202 1565 2256 et
1590 2192 1819 2271 cardinalibus,

468 2312 622 2396 exposita
642 2313 834 2378 necessitate
854 2334 889 2378 se
910 2313 1126 2434 vQ
1118 2334 1150 2377 m
1173 2334 1269 2378 suum
1290 2314 1513 2378 adversarium
1532 2313 1697 2379 tirannum
1716 2314 1819 2378 Fran-

292 2449 348 2500 Τιιι
468 2455 592 2511 corum,
622 2435 744 2519 recepit
782 2456 802 2499 a
836 2435 1056 2500 cardinalibus
1073 2435 1166 2559 ἧς
1183 2455 1396 2519 responsum:
1434 2435 1628 2518 ‘Regnum'
1658 2435 1819 2519 inquiunt,

248 2548 252 2553 -
292 2513 423 2566 cardinals

2077 2518 2082 2543 l

61 2554 111 2609 ;.'‹·-,
292 2581 386 2632 advice.
467 2555 626 2620 ‘Francie
646 2554 829 2665 ΨΟ
852 2557 1125 2640 circumcingitur,
1140 2557 1230 2640 quod
1254 2567 1326 2622 tota
1352 2557 1503 2641 potencia
1524 2577 1614 2640 regm
1606 2556 1819 2640 Anglorum
1896 2642 1938 2681 'U
1981 2610 1993 2629 .,
2031 2576 2054 2627 „¹1
2111 2582 2127 2593 -

391 2670 396 2682 ’
466 2696 532 2741 ιιοιι
552 2677 713 2742 sufficeret
732 2676 923 2761 insrIngere3
947 2688 1131 2763 propterea,
1146 2679 1279 2744 domine
1300 2700 1369 2756 rex,
1379 2678 1862 2789 QTeutonicos
1784 2688 1864 2742 et
1876 2762 1880 2769 1
1876 2678 2038 2785 ms

467 2798 550 2863 alios
564 2798 625 2862 tibi
641 2799 877 2877 consederatos,
892 2820 1032 2882 quorum
1050 2801 1154 2865 maior
1169 2801 1265 2883 copia
1285 2800 1346 2864 tibi
1368 2800 1459 2863 deest
1480 2798 1598 2876 adhuc,
1614 2808 1651 2862 ut
1672 2799 1818 2883 ipsorum

468 2919 633 2983 adiutorio
663 2919 774 2983 saltim
802 2921 943 2985 videaris
981 2941 1078 3004 posse
1109 2917 1266 2983 Gallicis²
1302 2939 1427 2996 nocere,
1457 2929 1558 3000 atque
1587 2928 1665 2984 tunc
1703 2939 1818 3001 pacem

469 3038 704 3117 honorabilem,
731 3040 825 3106 nobis
849 3040 911 3104 Dei
930 3042 1040 3122 gracia
1064 3040 1293 3117 mediantibus,
1315 3061 1390 3105 curn
1420 3040 1547 3123 potenti
1577 3059 1653 3122 rege
1684 3039 1819 3104 Francie

469 3158 591 3243 poteris
607 3157 791 3243 optinere.'·-.
814 3159 872 3224 Ad
888 3160 948 3225 hec
964 3161 1125 3244 indignati
1141 3182 1201 3225 rex
1216 3171 1249 3225 et
1265 3161 1314 3224 sui
1329 3160 1475 3236 comites,
1490 3158 1581 3223 nulla
1596 3159 1820 3243 contemplata

467 3301 512 3344 ex
536 3281 703 3345 ectacione
722 3281 980 3346 Teutonicorum
1000 3302 1056 3346 seu
1080 3282 1216 3365 pecunie
1238 3283 1280 3346 de
1295 3280 1420 3363 Anglia
1440 3279 1557 3358 suture,
1575 3300 1675 3362 quam
1698 3300 1819 3364 expec-

256 3460 283 3475 ..
467 3402 571 3466 tando
600 3411 731 3486 tempus
762 3403 867 3486 magis
897 3412 1013 3487 aptum
1043 3424 1160 3487 guerre
1197 3403 1361 3487 inlapsum
1391 3424 1451 3467 rex
1481 3402 1645 3485 cognovit,
1678 3400 1819 3465 finaliter

467 3523 680 3588 sentenciavit
712 3544 747 3588 se
777 3524 809 3587 in
839 3533 959 3588 terram
995 3525 1132 3591 Francie
1160 3523 1285 3589 vexillo
1315 3524 1489 3608 displicato
1522 3524 1755 3606 equitaturum,
1785 3533 1819 3588 et

468 3644 654 3728 potenciam
671 3645 871 3709 Francorum
890 3647 1126 3711 comminatam
1140 3653 1403 3730 expectaturum,
1412 3654 1446 3708 et
1461 3645 1551 3725 quod
1570 3643 1660 3708 illam
1676 3644 1819 3708 vinceret

180 3774 200 3831 .'
238 3746 255 3857 Ι,
298 3746 304 3755 ’
354 3796 372 3803 --
415 3803 419 3810 ·
468 3765 660 3849 prebentem
682 3784 854 3871 ⁰?SQ
877 3776 935 3832 aut
956 3767 1094 3833 honeste
1114 3766 1176 3832 sub
1199 3766 1255 3841 illa
1278 3776 1466 3831 moreretur.
1487 3774 1507 3819 >'

294 3917 401 3970 ΗΜ
555 3886 657 3952 Αιιιιο
674 3887 810 3952 Domini
827 3889 1068 3953 M.ccc.xxxix.
1085 3899 1118 3954 et
1134 3889 1225 3973 regni
1243 3888 1293 3952 sui
1305 3887 1429 3971 Anglie
1449 3885 1528 3968 xiij,
1545 3885 1577 3948 in
1591 3884 1703 3969 vigilia
1715 3885 1819 3950 sancti

294 3984 396 4110 iffi}
469 4008 629 4084 Mathei³,
645 4030 721 4075 cum
738 4007 796 4091 xij.
813 4009 945 4075 milibus
968 4022 1169 4076 armatorum
1193 4020 1307 4077 contra
1325 4010 1489 4074 tirannum
1504 4007 1629 4072 vexillo
1644 4006 1819 4090 displicato

205 4166 208 4171 .
296 4116 406 4239 Ἢ
470 4131 590 4214 incepit
610 4130 767 4213 equitare,
787 4132 981 4197 comburens
1001 4140 1035 4197 et
1055 4133 1223 4253 destruenp
1239 4128 1357 4197 villas⁴
1375 4139 1408 4194 et
1430 4139 1537 4195 castra
1554 4128 1886 4241 cirpppmppfflffi

541 4264 724 4323 ¹multis.B.
796 4266 947 4326 'Heme
956 4285 1086 4325 resumes
1195 4265 1335 4325 'Mathei
1348 4263 1520 4339 apostolic.
1551 4292 1555 4301 =
1592 4263 1747 4320 ⁴villalt-
