4282 4890
666 39 689 179 l
711 40 998 175 alid&
981 70 1357 249 1...]th
1409 39 1813 253 Wlffl-

644 297 700 351 LE
723 298 870 352 BAKER
891 297 951 352 DE
971 298 1281 357 SWYNEBROKE.
1597 295 1635 357 81

286 498 408 562 bonam
421 496 533 562 villam
552 505 585 562 et
601 509 745 564 castrum
761 501 803 564 de
818 499 961 577 Vernon,
978 522 1044 565 non
1059 512 1157 586 capta
1173 522 1232 567 nec
1247 512 1346 580 tacta,
1361 513 1393 566 et
1410 502 1455 567 ibi
1476 503 1638 570 intrarunt
1657 521 1812 574 sumto.

279 618 532 728 Q
564 619 609 683 Et
625 619 680 685 illa
696 631 792 686 nocte
807 621 1058 687 combusserunt
1075 634 1219 687 castrum
1235 625 1277 688 de
1294 623 1556 703 Rocheblanche,
1572 645 1639 709 que

284 749 352 804 stat
381 739 468 804 ultra
501 738 676 824 Seganam,
708 752 742 806 et
779 742 1008 826 ospitabantur
1040 745 1128 827 apud
1165 744 1193 807 F
1195 744 1293 808 revile
1329 765 1429 829 super
1460 745 1637 830 Seganam.

286 862 405 925 Postea
419 862 616 927 transierunt
631 883 689 946 per
703 862 815 928 villam
832 865 874 928 de
890 863 1037 943 Maunte,
1052 866 1095 929 de
1115 875 1211 930 nocte
1233 866 1368 950 ospitati
1384 868 1473 950 apud
1492 867 1637 952 Epome.

286 981 325 1045 In
347 982 499 1059 crastino,
521 983 575 1047 die
589 982 734 1061 Veneris,
759 984 957 1049 transierunt
982 987 1024 1050 ad
1049 985 1231 1069 Freignus;
1254 997 1288 1051 et
1310 987 1343 1049 in
1367 985 1518 1053 Sabbato
1539 1009 1638 1053 vene·
1682 993 1784 1043 ‘mm'

285 1112 360 1167 runt
375 1103 418 1168 ad
441 1104 563 1168 bonam
585 1103 698 1169 villam
725 1106 913 1240 deQ
929 1105 985 1169 ubi
1012 1117 1148 1204 pontem
1173 1126 1232 1204 W
1250 1105 1395 1172 Gallicos
1419 1107 1569 1185 fractum,
1596 1129 1638 1173 ne
1656 1116 1794 1168 Arrivalat
1852 1044 2037 1215 my*

285 1224 354 1307 regi
373 1234 463 1289 trans
479 1223 643 1308 Segenam
665 1227 821 1290 transitus
841 1247 900 1310 per
920 1226 1012 1291 illum
1034 1237 1170 1311 pateret,
1191 1229 1356 1292 contrario
1377 1249 1472 1292 sensu
1488 1229 1559 1313 ipse
1577 1250 1638 1293 rex
1656 1183 1764 1269 ΡΜ

285 1345 362 1411 lecit
377 1344 565 1411 reedificari
611 1347 657 1411 Et
672 1348 790 1411 eodem
805 1348 860 1412 die
876 1347 1052 1413 Dominico
1070 1359 1227 1413 venerunt
1242 1349 1334 1413 deA
1300 1360 1482 1461 Q&
1499 1349 1639 1415 Francia
1762 1325 1948 1469 &29

283 1477 350 1531 tres
367 1487 486 1550 magne
500 1467 586 1531 acies
600 1467 749 1532 ordinate
764 1469 808 1532 ad
823 1468 1041 1552 proibendum
1058 1469 1125 1551 regi
1141 1469 1349 1552 passagium;
1371 1480 1431 1546 set,
1445 1469 1561 1535 habito
1578 1469 1639 1533 ibi·

284 1590 360 1653 dem
377 1588 443 1653 acri
458 1587 610 1653 conflictu
625 1599 659 1652 et
674 1589 827 1653 trecentis
843 1587 977 1653 Gallicis
993 1589 1026 1652 in
1042 1588 1099 1654 illo
1115 1591 1271 1674 peremtis
1287 1600 1388 1673 atque
1406 1591 1522 1655 ceteris
1538 1588 1637 1675 fuga¹

284 1709 429 1793 dilapsis,
452 1708 700 1773 combusserunt
722 1709 859 1792 triginta
881 1710 965 1773 duas
986 1709 1081 1792 bigas
1103 1721 1137 1775 et
1159 1710 1338 1794 quadrigas
1362 1710 1476 1795 plenas
1500 1709 1637 1787 balistis,

284 1826 447 1913 quarellis,
477 1839 511 1893 et
540 1829 613 1893 aliis
649 1829 824 1894 armaturis
861 1839 962 1913 atque
990 1830 1197 1895 victualibus.
1243 1831 1374 1915 Igitur,
1389 1830 1512 1895 ibidem
1545 1851 1639 1897 mora
1657 1838 1805 1904 Pmrgeof
1882 1904 1894 1943 s

283 1952 425 2015 duorum
452 1950 579 2015 dierum
609 1928 785 2034 protracta,
811 1952 1009 2016 transierunt
1031 1951 1075 2016 ad
1101 1950 1227 2016 Gersile
1257 1952 1353 2017 iuxta
1379 1952 1572 2034 Pountoys3
1604 1962 1638 2017 et
1656 1904 1801 2021 {idm
1890 1904 1976 2057 ἧς)

284 2071 338 2135 die
362 2070 515 2136 Mercurii
538 2071 628 2154 apud
653 2071 757 2136 Autel
780 2071 926 2155 ospitati,
951 2071 983 2134 in
1006 2054 1148 2136 crastino
1173 2071 1367 2137 dimiserunt
1389 2094 1410 2138 a
1431 2072 1535 2138 latere
1559 2072 1638 2139 civi·
1657 2036 1744 2153 iffi,
1865 2094 1870 2110 ·
1952 2008 2017 2165 l

283 2201 387 2256 tatem
410 2193 452 2256 de
471 2191 625 2276 Beuvoys
649 2192 816 2270 intactam,
841 2202 876 2257 et
901 2213 961 2276 per
986 2191 1163 2259 Trosolurs
1188 2192 1325 2276 profecti
1351 2194 1441 2277 apud
1460 2191 1638 2258 Somereus

283 2312 338 2377 die
354 2312 492 2377 Veneris
511 2313 668 2397 ospitium
690 2323 855 2398 ceperunt.
901 2313 941 2376 In
961 2313 1104 2378 crastino
1128 2333 1202 2379 cum
1224 2313 1346 2378 insultu
1364 2324 1639 2398 expugnaverunt

282 2432 394 2497 villam
425 2435 467 2498 de
492 2434 580 2518 Poys
606 2434 724 2498 acriter
753 2432 931 2511 defensam,
957 2444 991 2498 et
1017 2444 1162 2498 castrum
1192 2434 1452 2498 combusserunt.
1498 2433 1637 2511 Deinde,

283 2554 421 2638 profecti
447 2554 563 2619 diebus
582 2554 676 2618 Lune
694 2563 727 2618 et
744 2554 870 2632 Martis,
885 2554 974 2636 apud
994 2553 1160 2637 Areignus
1180 2564 1256 2617 sunt
1278 2552 1451 2619 demorati.
1498 2552 1638 2631 Deinde,
1797 2555 1875 2665 M
1886 2544 1945 2655 'sip'
1967 2602 1977 2629 ,
2006 2556 2029 2629 ί

282 2677 372 2759 apud
390 2675 507 2741 Acheu
518 2675 663 2759 ospitati,
680 2675 734 2740 die
748 2672 836 2739 Iovis
850 2683 1009 2738 venerunt
1022 2673 1066 2738 ad
1083 2673 1161 2738 Noil
1178 2695 1233 2738 sur
1249 2674 1281 2738 la
1297 2673 1398 2752 Meer,
1412 2675 1638 2781 Qque
1873 2650 1895 2785 [Ἀ

282 2797 325 2860 de
341 2794 481 2860 Summe
497 2797 539 2860 de
555 2795 642 2874 Port,
657 2795 714 2859 ubi
730 2795 839 2860 fluxus
853 2805 887 2860 et
902 2795 1047 2859 refluxus
1062 2794 1161 2859 maris
1175 2796 1364 2859 succedunt
1410 2794 1466 2859 Ex
1482 2794 1639 2879 opposito

283 2917 369 2982 illius
395 2916 473 2981 vadi
498 2927 655 2981 venerunt
685 2915 804 2982 Gallici
833 2918 877 2981 de
905 2915 1039 2982 civitate
1069 2915 1232 2980 Dabevile
1256 2925 1290 2980 et
1312 2915 1399 2980 illius
1428 2916 1535 3000 patrie
1560 2934 1636 2981 cum
1655 2923 1813 2976 skimishat

281 3037 529 3104 exclamacione
541 3037 638 3103 valde
653 3038 795 3121 superba
813 3036 986 3121 proibituri
1001 3037 1176 3101 transitum
1196 3057 1254 3120 per
1272 3036 1432 3115 vadum,
1422 3058 1455 3101 rn
1469 3046 1536 3101 tres
1550 3034 1637 3103 acies
1655 2991 1813 3109 {pethppmge

282 3157 442 3224 terribiles
475 3158 593 3237 divisi;
630 3170 746 3225 contra
781 3179 865 3242 quas
893 3157 1077 3222 habuerunt
1107 3156 1242 3241 Anglici
1275 3157 1384 3223 dirum
1417 3178 1637 3241 congressum,
1655 3122 1762 3174 Somne

282 3280 420 3346 domino
447 3280 594 3364 Hugone
620 3281 665 3344 de
687 3279 832 3364 Spenser
857 3279 939 3344 illud
965 3279 1119 3362 primitus
1148 3278 1334 3362 arripiente.
1381 3277 1451 3355 Set,
1525 3299 1541 3343 r
1572 3279 1639 3345 Dei

94 3466 127 3494 b„
144 3387 180 3475 23·
282 3402 586 3585 deerso
600 3401 717 3467 litore
708 3401 816 3465 invitis
832 3400 1057 3466 resistentibus
1068 3399 1244 3483 adquisito,
1260 3399 1382 3464 ibidem
1399 3396 1508 3483 plures
1522 3420 1622 3482 quam

282 3521 334 3586 bis
354 3543 399 3586 mr
424 3542 444 3586 e
461 3522 647 3588 ceciderunt
671 3522 820 3607 peremti,
838 3532 872 3587 et
889 3523 1007 3586 eadem
1032 3531 1137 3598 nocte,
1152 3519 1233 3585 villa
1254 3520 1298 3584 de
1316 3518 1465 3604 Crotoye
1485 3529 1586 3604 capta
1602 3529 1637 3584 et

283 3644 469 3722 incinerata,
488 3642 630 3727 amplius
645 3664 745 3727 quam
765 3642 901 3708 trecenti
917 3641 1121 3741 stipendiarii
1140 3641 1315 3739 Ianuenssp
1327 3651 1403 3726 post
1418 3641 1636 3725 periculosam

281 3764 502 3830 resistenciam
518 3774 709 3829 corruerunt
723 3764 831 3830 occisi

368 3884 427 3950 Ad
450 3906 622 3970 vesperum
648 3885 715 3951 diei
738 3884 875 3950 Veneris
904 3883 1078 3969 sequentis,
1102 3905 1179 3968 rege
1204 3904 1303 3968 super
1326 3883 1404 3949 litus
1427 3884 1471 3949 de
1497 3882 1636 3948 Summe
1655 3893 1773 3947 Tuetwo

282 4005 452 4082 residente,
483 4007 573 4071 venit
601 4028 701 4092 super
732 4007 847 4092 ripam,
877 4027 978 4090 quam
1007 4016 1106 4071 antea
1137 4015 1360 4090 peragrarunt,
1391 4005 1562 4090 Philippus
1591 4006 1634 4069 de
1653 3977 1781 4092 :meh

281 4125 415 4193 Valesio
429 4126 576 4192 tirannus
595 4127 805 4208 Francorum,
819 4138 853 4194 et
873 4149 948 4194 cum
965 4129 1037 4212 ipso
1056 4149 1148 4212 reges
1164 4127 1299 4193 Boemie
1316 4137 1350 4192 et
1369 4126 1540 4233 Malogrie,
1555 4146 1630 4192 cum
1648 4108 1759 4210 :odober
1805 4090 1871 4176 lu...
1847 4136 1908 4215 7¹¹
1923 4130 1931 4155 ‘
1948 4107 1998 4143 Μ

2033 2506 2049 2579 1.

431 4260 584 4335 ¹iugali.
794 4263 806 4297 ²
819 4265 919 4338 plures
929 4263 1028 4338 quam]
1041 4264 1198 4337 mrsplaced
1205 4265 1282 4337 aster
1292 4262 1418 4336 peremti.
1437 4264 1470 4319 B.

941 4384 970 4437 M
