<?xml version="1.0" encoding="UTF-8"?>
<!DOCTYPE html PUBLIC "-//W3C//DTD XHTML 1.0 Transitional//EN"
    "http://www.w3.org/TR/xhtml1/DTD/xhtml1-transitional.dtd">
<html xmlns="http://www.w3.org/1999/xhtml" xml:lang="en" lang="en">
 <head>
  <title>
</title>
<meta http-equiv="Content-Type" content="text/html;charset=utf-8" />
  <meta name='ocr-system' content='tesseract 3.04.00' />
  <meta name='ocr-capabilities' content='ocr_page ocr_carea ocr_par ocr_line ocrx_word'/>
</head>
<body>
  <div class='ocr_page' id='page_1' title='image "./chronicongalfri00thomgoog_0361.png"; bbox 0 0 4282 4890; ppageno 0'>
   <div class='ocr_carea' id='block_1_1' title="bbox 468 300 1416 366">
    <p class='ocr_par' dir='ltr' id='par_1_1' title="bbox 468 300 1416 366">
     <span class='ocr_line' id='line_1_1' title="bbox 468 300 1416 366; baseline -0.003 -3"><span class='ocrx_word' id='word_1_1' title='bbox 468 300 528 366; x_wconf 83' lang='lat'>162</span> <span class='ocrx_word' id='word_1_2' title='bbox 863 301 1190 362; x_wconf 72' lang='lat' dir='ltr'><em>&#39;CHRONJCULUM</em></span> <span class='ocrx_word' id='word_1_3' title='bbox 1211 304 1416 361; x_wconf 77' lang='lat' dir='ltr'>GALFRIDI</span> 
     </span>
    </p>
   </div>
   <div class='ocr_carea' id='block_1_2' title="bbox 466 502 1824 3982">
    <p class='ocr_par' dir='ltr' id='par_1_2' title="bbox 467 502 1822 834">
     <span class='ocr_line' id='line_1_2' title="bbox 552 502 1820 590; baseline 0.002 -18"><span class='ocrx_word' id='word_1_4' title='bbox 552 502 710 590; x_wconf 77' lang='lat' dir='ltr'>Dxxxuj.</span> <span class='ocrx_word' id='word_1_5' title='bbox 741 504 799 572; x_wconf 88' lang='lat' dir='ltr'>Ab</span> <span class='ocrx_word' id='word_1_6' title='bbox 829 507 922 573; x_wconf 93' lang='lat' dir='ltr'>obitu</span> <span class='ocrx_word' id='word_1_7' title='bbox 958 508 1063 572; x_wconf 91' lang='lat' dir='ltr'>sancti</span> <span class='ocrx_word' id='word_1_8' title='bbox 1091 506 1263 572; x_wconf 84' lang='lat' dir='ltr'><strong>Benedicti</strong></span> <span class='ocrx_word' id='word_1_9' title='bbox 1294 506 1436 581; x_wconf 88' lang='lat' dir='ltr'>abbatis,</span> <span class='ocrx_word' id='word_1_10' title='bbox 1467 503 1667 573; x_wconf 91' lang='lat' dir='ltr'>institutoris</span> <span class='ocrx_word' id='word_1_11' title='bbox 1694 509 1820 575; x_wconf 84' lang='lat' dir='ltr'>ordinis</span> 
     </span>
     <span class='ocr_line' id='line_1_3' title="bbox 467 626 1822 714; baseline -0.001 -19"><span class='ocrx_word' id='word_1_12' title='bbox 467 629 714 695; x_wconf 89' lang='lat' dir='ltr'>monachorum.</span> <span class='ocrx_word' id='word_1_13' title='bbox 759 628 889 693; x_wconf 88' lang='lat' dir='ltr'>Eodem</span> <span class='ocrx_word' id='word_1_14' title='bbox 911 637 1063 710; x_wconf 91' lang='lat' dir='ltr'>tempore</span> <span class='ocrx_word' id='word_1_15' title='bbox 1089 638 1223 693; x_wconf 89' lang='lat' dir='ltr'>sanctus</span> <span class='ocrx_word' id='word_1_16' title='bbox 1249 626 1397 704; x_wconf 86' lang='lat' dir='ltr'>Maurus,</span> <span class='ocrx_word' id='word_1_17' title='bbox 1427 627 1599 692; x_wconf 88' lang='lat' dir='ltr'>Benedicti</span> <span class='ocrx_word' id='word_1_18' title='bbox 1630 629 1822 714; x_wconf 90' lang='lat' dir='ltr'>discipulus,</span> 
     </span>
     <span class='ocr_line' id='line_1_4' title="bbox 467 751 1779 834; baseline -0.001 -17"><span class='ocrx_word' id='word_1_19' title='bbox 467 751 596 817; x_wconf 86' lang='lat' dir='ltr'>claruit.</span> <span class='ocrx_word' id='word_1_20' title='bbox 1626 751 1779 834; x_wconf 84' lang='lat' dir='ltr'>Deccxj.</span> 
     </span>
    </p>

    <p class='ocr_par' dir='ltr' id='par_1_3' title="bbox 466 869 1824 1563">
     <span class='ocr_line' id='line_1_5' title="bbox 553 869 1823 956; baseline 0.002 -20"><span class='ocrx_word' id='word_1_21' title='bbox 553 870 657 954; x_wconf 85' lang='lat' dir='ltr'>Dxcj.</span> <span class='ocrx_word' id='word_1_22' title='bbox 702 871 825 936; x_wconf 86' lang='lat' dir='ltr'><strong>Beatus</strong></span> <span class='ocrx_word' id='word_1_23' title='bbox 841 869 1020 954; x_wconf 87' lang='lat' dir='ltr'>Gregorius</span> <span class='ocrx_word' id='word_1_24' title='bbox 1036 871 1160 955; x_wconf 85' lang='lat' dir='ltr'>primus</span> <span class='ocrx_word' id='word_1_25' title='bbox 1179 871 1405 954; x_wconf 91' lang='lat' dir='ltr'>apostolatum</span> <span class='ocrx_word' id='word_1_26' title='bbox 1422 871 1533 935; x_wconf 89' lang='lat' dir='ltr'>Rome</span> <span class='ocrx_word' id='word_1_27' title='bbox 1553 872 1709 956; x_wconf 86' lang='lat' dir='ltr'>suscepit.</span> <span class='ocrx_word' id='word_1_28' title='bbox 1755 873 1823 938; x_wconf 88' lang='lat' dir='ltr'>Hic</span> 
     </span>
     <span class='ocr_line' id='line_1_6' title="bbox 466 989 1824 1077; baseline 0.001 -19"><span class='ocrx_word' id='word_1_29' title='bbox 466 1002 538 1058; x_wconf 85' lang='lat' dir='ltr'>erat</span> <span class='ocrx_word' id='word_1_30' title='bbox 559 993 677 1058; x_wconf 86' lang='lat' dir='ltr'>doctor</span> <span class='ocrx_word' id='word_1_31' title='bbox 696 991 883 1057; x_wconf 86' lang='lat' dir='ltr'>divinarum</span> <span class='ocrx_word' id='word_1_32' title='bbox 906 993 1141 1077; x_wconf 85' lang='lat' dir='ltr'>scripturarum</span> <span class='ocrx_word' id='word_1_33' title='bbox 1164 989 1409 1070; x_wconf 69' lang='lat' dir='ltr'>solertissimus,</span> <span class='ocrx_word' id='word_1_34' title='bbox 1426 993 1483 1075; x_wconf 91' lang='lat' dir='ltr'>qui</span> <span class='ocrx_word' id='word_1_35' title='bbox 1506 992 1552 1056; x_wconf 88' lang='lat' dir='ltr'>xl.</span> <span class='ocrx_word' id='word_1_36' title='bbox 1574 993 1712 1058; x_wconf 89' lang='lat' dir='ltr'>omelias</span> <span class='ocrx_word' id='word_1_37' title='bbox 1732 990 1824 1059; x_wconf 85' lang='lat' dir='ltr'>com·</span> 
     </span>
     <span class='ocr_line' id='line_1_7' title="bbox 466 1109 1821 1202; baseline 0.003 -24"><span class='ocrx_word' id='word_1_38' title='bbox 466 1115 586 1198; x_wconf 86' lang='lat' dir='ltr'>posuit,</span> <span class='ocrx_word' id='word_1_39' title='bbox 604 1113 667 1180; x_wconf 95' lang='lat' dir='ltr'>Iob</span> <span class='ocrx_word' id='word_1_40' title='bbox 682 1123 717 1178; x_wconf 91' lang='lat' dir='ltr'>et</span> <span class='ocrx_word' id='word_1_41' title='bbox 735 1113 946 1179; x_wconf 89' lang='lat' dir='ltr'>Ezechielem</span> <span class='ocrx_word' id='word_1_42' title='bbox 967 1114 1133 1198; x_wconf 85' lang='lat' dir='ltr'>exposuit,</span> <span class='ocrx_word' id='word_1_43' title='bbox 1150 1115 1324 1198; x_wconf 85' lang='lat' dir='ltr'>registrum</span> <span class='ocrx_word' id='word_1_44' title='bbox 1346 1109 1411 1202; x_wconf 85' lang='lat' dir='ltr'>[et]</span> <span class='ocrx_word' id='word_1_45' title='bbox 1433 1115 1635 1198; x_wconf 89' lang='lat' dir='ltr'>pastoralem</span> <span class='ocrx_word' id='word_1_46' title='bbox 1651 1114 1821 1199; x_wconf 82' lang='lat' dir='ltr'>dialogum</span> 
     </span>
     <span class='ocr_line' id='line_1_8' title="bbox 466 1233 1824 1320; baseline 0.001 -20"><span class='ocrx_word' id='word_1_47' title='bbox 466 1236 555 1302; x_wconf 81' lang='lat' dir='ltr'>iecit.</span> <span class='ocrx_word' id='word_1_48' title='bbox 600 1236 666 1301; x_wconf 93' lang='lat' dir='ltr'>Hic</span> <span class='ocrx_word' id='word_1_49' title='bbox 688 1233 866 1318; x_wconf 84' lang='lat' dir='ltr'>Gregorius</span> <span class='ocrx_word' id='word_1_50' title='bbox 889 1235 1022 1300; x_wconf 91' lang='lat' dir='ltr'>beatum</span> <span class='ocrx_word' id='word_1_51' title='bbox 1038 1236 1267 1320; x_wconf 90' lang='lat' dir='ltr'>Augustinum</span> <span class='ocrx_word' id='word_1_52' title='bbox 1290 1234 1502 1314; x_wconf 91' lang='lat' dir='ltr'>monachum,</span> <span class='ocrx_word' id='word_1_53' title='bbox 1523 1256 1585 1319; x_wconf 91' lang='lat' dir='ltr'>pro</span> <span class='ocrx_word' id='word_1_54' title='bbox 1607 1237 1824 1303; x_wconf 89' lang='lat' dir='ltr'>conversione</span> 
     </span>
     <span class='ocr_line' id='line_1_9' title="bbox 468 1356 1822 1442; baseline 0.001 -20"><span class='ocrx_word' id='word_1_55' title='bbox 468 1356 642 1423; x_wconf 89' lang='lat' dir='ltr'>Saxonum</span> <span class='ocrx_word' id='word_1_56' title='bbox 670 1366 704 1421; x_wconf 97' lang='lat' dir='ltr'>et</span> <span class='ocrx_word' id='word_1_57' title='bbox 730 1356 797 1421; x_wconf 87' lang='lat' dir='ltr'>fide</span> <span class='ocrx_word' id='word_1_58' title='bbox 822 1356 1032 1439; x_wconf 88' lang='lat' dir='ltr'>predicanda,</span> <span class='ocrx_word' id='word_1_59' title='bbox 1055 1357 1088 1420; x_wconf 89' lang='lat' dir='ltr'>in</span> <span class='ocrx_word' id='word_1_60' title='bbox 1116 1357 1278 1442; x_wconf 89' lang='lat' dir='ltr'>Angliam</span> <span class='ocrx_word' id='word_1_61' title='bbox 1309 1357 1498 1431; x_wconf 86' lang='lat' dir='ltr'>destinavit,</span> <span class='ocrx_word' id='word_1_62' title='bbox 1529 1358 1742 1442; x_wconf 90' lang='lat' dir='ltr'>episcopatus</span> <span class='ocrx_word' id='word_1_63' title='bbox 1771 1359 1822 1423; x_wconf 92' lang='lat' dir='ltr'>sul</span> 
     </span>
     <span class='ocr_line' id='line_1_10' title="bbox 467 1479 1778 1563; baseline -0.002 -19"><span class='ocrx_word' id='word_1_64' title='bbox 467 1498 556 1544; x_wconf 88' lang='lat' dir='ltr'>anno</span> <span class='ocrx_word' id='word_1_65' title='bbox 570 1479 613 1561; x_wconf 87' lang='lat' dir='ltr'>vj.</span> <span class='ocrx_word' id='word_1_66' title='bbox 1640 1479 1778 1563; x_wconf 86' lang='lat' dir='ltr'>Declvj.</span> 
     </span>
    </p>

    <p class='ocr_par' dir='ltr' id='par_1_4' title="bbox 467 1595 1823 1810">
     <span class='ocr_line' id='line_1_11' title="bbox 553 1595 1823 1685; baseline 0.002 -21"><span class='ocrx_word' id='word_1_67' title='bbox 553 1613 612 1664; x_wconf 86' lang='lat' dir='ltr'>Dc.</span> <span class='ocrx_word' id='word_1_68' title='bbox 659 1598 783 1664; x_wconf 82' lang='lat' dir='ltr'>Beatus</span> <span class='ocrx_word' id='word_1_69' title='bbox 814 1595 1024 1681; x_wconf 85' lang='lat' dir='ltr'>Augustinus</span> <span class='ocrx_word' id='word_1_70' title='bbox 1060 1599 1242 1665; x_wconf 85' lang='lat' dir='ltr'>monachus</span> <span class='ocrx_word' id='word_1_71' title='bbox 1280 1599 1314 1664; x_wconf 93' lang='lat' dir='ltr'>in</span> <span class='ocrx_word' id='word_1_72' title='bbox 1352 1598 1639 1685; x_wconf 91' lang='lat' dir='ltr'>archiepiscopum</span> <span class='ocrx_word' id='word_1_73' title='bbox 1675 1599 1823 1667; x_wconf 89' lang='lat' dir='ltr'>Cantua·</span> 
     </span>
     <span class='ocr_line' id='line_1_12' title="bbox 467 1712 1779 1810; baseline 0.001 -25"><span class='ocrx_word' id='word_1_74' title='bbox 467 1722 609 1787; x_wconf 87' lang='lat' dir='ltr'>riensem</span> <span class='ocrx_word' id='word_1_75' title='bbox 625 1718 841 1803; x_wconf 88' lang='lat' dir='ltr'>solempniter</span> <span class='ocrx_word' id='word_1_76' title='bbox 855 1729 906 1784; x_wconf 89' lang='lat' dir='ltr'>est</span> <span class='ocrx_word' id='word_1_77' title='bbox 922 1729 1142 1785; x_wconf 90' lang='lat' dir='ltr'>consecratus.</span> <span class='ocrx_word' id='word_1_78' title='bbox 1548 1712 1550 1717; x_wconf 71' lang='grc'><strong>’</strong></span> <span class='ocrx_word' id='word_1_79' title='bbox 1571 1717 1779 1810; x_wconf 73' lang='lat' dir='ltr'>Dccxlvfflj.</span> 
     </span>
    </p>

    <p class='ocr_par' dir='ltr' id='par_1_5' title="bbox 467 1839 1823 2048">
     <span class='ocr_line' id='line_1_13' title="bbox 554 1839 1823 1926; baseline 0.001 -19"><span class='ocrx_word' id='word_1_80' title='bbox 554 1841 667 1926; x_wconf 83' lang='lat' dir='ltr'>Dciiij.</span> <span class='ocrx_word' id='word_1_81' title='bbox 703 1840 762 1906; x_wconf 87' lang='lat' dir='ltr'>Ab</span> <span class='ocrx_word' id='word_1_82' title='bbox 778 1839 871 1905; x_wconf 91' lang='lat' dir='ltr'>obitu</span> <span class='ocrx_word' id='word_1_83' title='bbox 883 1841 1064 1905; x_wconf 88' lang='lat' dir='ltr'>beatissimi</span> <span class='ocrx_word' id='word_1_84' title='bbox 1078 1840 1239 1926; x_wconf 89' lang='lat' dir='ltr'>Gregorii,</span> <span class='ocrx_word' id='word_1_85' title='bbox 1251 1862 1327 1907; x_wconf 91' lang='lat' dir='ltr'>cum</span> <span class='ocrx_word' id='word_1_86' title='bbox 1349 1842 1489 1907; x_wconf 90' lang='lat' dir='ltr'>sedisset</span> <span class='ocrx_word' id='word_1_87' title='bbox 1505 1842 1615 1907; x_wconf 90' lang='lat' dir='ltr'>Rome</span> <span class='ocrx_word' id='word_1_88' title='bbox 1631 1843 1703 1926; x_wconf 85' lang='lat' dir='ltr'>xiij.</span> <span class='ocrx_word' id='word_1_89' title='bbox 1719 1844 1823 1920; x_wconf 89' lang='lat' dir='ltr'>annis,</span> 
     </span>
     <span class='ocr_line' id='line_1_14' title="bbox 467 1960 1778 2048; baseline -0.003 -19"><span class='ocrx_word' id='word_1_90' title='bbox 467 1961 511 2048; x_wconf 87' lang='lat' dir='ltr'>vj.</span> <span class='ocrx_word' id='word_1_91' title='bbox 528 1963 706 2042; x_wconf 90' lang='lat' dir='ltr'>mensibus,</span> <span class='ocrx_word' id='word_1_92' title='bbox 721 1982 755 2026; x_wconf 89' lang='lat' dir='ltr'>x.</span> <span class='ocrx_word' id='word_1_93' title='bbox 771 1960 898 2038; x_wconf 89' lang='lat' dir='ltr'>diebus,</span> <span class='ocrx_word' id='word_1_94' title='bbox 915 1971 949 2027; x_wconf 92' lang='lat' dir='ltr'>et</span> <span class='ocrx_word' id='word_1_95' title='bbox 971 1961 1199 2045; x_wconf 84' lang='lat' dir='ltr'>septilormem</span> <span class='ocrx_word' id='word_1_96' title='bbox 1220 1963 1378 2028; x_wconf 88' lang='lat' dir='ltr'>letaniam</span> <span class='ocrx_word' id='word_1_97' title='bbox 1395 1963 1575 2028; x_wconf 87' lang='lat' dir='ltr'>statuisset.</span> <span class='ocrx_word' id='word_1_98' title='bbox 1613 1961 1778 2046; x_wconf 81' lang='lat' dir='ltr'>Dccxlilj.</span> 
     </span>
    </p>

    <p class='ocr_par' dir='ltr' id='par_1_6' title="bbox 468 2081 1823 2515">
     <span class='ocr_line' id='line_1_15' title="bbox 555 2081 1823 2169; baseline 0 -20"><span class='ocrx_word' id='word_1_99' title='bbox 555 2083 667 2168; x_wconf 84' lang='lat' dir='ltr'>Dc.vij.</span> <span class='ocrx_word' id='word_1_100' title='bbox 713 2081 910 2149; x_wconf 86' lang='lat' dir='ltr'>Bonelacius</span> <span class='ocrx_word' id='word_1_101' title='bbox 928 2083 1012 2166; x_wconf 61' lang='lat' dir='ltr'>hijs.</span> <span class='ocrx_word' id='word_1_102' title='bbox 1032 2084 1142 2149; x_wconf 91' lang='lat' dir='ltr'>Rome</span> <span class='ocrx_word' id='word_1_103' title='bbox 1157 2084 1382 2168; x_wconf 87' lang='lat' dir='ltr'>apostolatum</span> <span class='ocrx_word' id='word_1_104' title='bbox 1405 2084 1562 2169; x_wconf 88' lang='lat' dir='ltr'>suscepit,</span> <span class='ocrx_word' id='word_1_105' title='bbox 1579 2085 1635 2168; x_wconf 93' lang='lat' dir='ltr'>qui</span> <span class='ocrx_word' id='word_1_106' title='bbox 1651 2085 1770 2151; x_wconf 89' lang='lat' dir='ltr'>statuit</span> <span class='ocrx_word' id='word_1_107' title='bbox 1785 2093 1823 2150; x_wconf 91' lang='lat' dir='ltr'>ut</span> 
     </span>
     <span class='ocr_line' id='line_1_16' title="bbox 468 2203 1823 2290; baseline -0.001 -19"><span class='ocrx_word' id='word_1_108' title='bbox 468 2205 607 2290; x_wconf 88' lang='lat' dir='ltr'>singulis</span> <span class='ocrx_word' id='word_1_109' title='bbox 621 2204 716 2269; x_wconf 89' lang='lat' dir='ltr'>annis</span> <span class='ocrx_word' id='word_1_110' title='bbox 731 2204 852 2270; x_wconf 77' lang='lat' dir='ltr'>festum</span> <span class='ocrx_word' id='word_1_111' title='bbox 869 2203 1029 2270; x_wconf 89' lang='lat' dir='ltr'>Omnium</span> <span class='ocrx_word' id='word_1_112' title='bbox 1047 2204 1245 2270; x_wconf 92' lang='lat' dir='ltr'>Sanctorum</span> <span class='ocrx_word' id='word_1_113' title='bbox 1266 2205 1535 2289; x_wconf 88' lang='lat' dir='ltr'>solempnizetur.</span> <span class='ocrx_word' id='word_1_114' title='bbox 1580 2205 1657 2270; x_wconf 90' lang='lat' dir='ltr'>Hoc</span> <span class='ocrx_word' id='word_1_115' title='bbox 1672 2215 1823 2289; x_wconf 86' lang='lat' dir='ltr'>tempore</span> 
     </span>
     <span class='ocr_line' id='line_1_17' title="bbox 470 2326 1822 2410; baseline -0.001 -19"><span class='ocrx_word' id='word_1_116' title='bbox 470 2327 621 2393; x_wconf 88' lang='lat' dir='ltr'>Eraclius</span> <span class='ocrx_word' id='word_1_117' title='bbox 644 2328 822 2408; x_wconf 90' lang='lat' dir='ltr'>imperator</span> <span class='ocrx_word' id='word_1_118' title='bbox 843 2335 992 2390; x_wconf 91' lang='lat' dir='ltr'>sanctam</span> <span class='ocrx_word' id='word_1_119' title='bbox 1008 2345 1138 2391; x_wconf 90' lang='lat' dir='ltr'>crucem</span> <span class='ocrx_word' id='word_1_120' title='bbox 1162 2327 1195 2390; x_wconf 92' lang='lat' dir='ltr'>in</span> <span class='ocrx_word' id='word_1_121' title='bbox 1220 2326 1401 2391; x_wconf 87' lang='lat' dir='ltr'>Ierusalem</span> <span class='ocrx_word' id='word_1_122' title='bbox 1417 2326 1573 2410; x_wconf 88' lang='lat' dir='ltr'>portavit,</span> <span class='ocrx_word' id='word_1_123' title='bbox 1589 2336 1623 2391; x_wconf 90' lang='lat' dir='ltr'>et</span> <span class='ocrx_word' id='word_1_124' title='bbox 1639 2327 1714 2391; x_wconf 93' lang='lat' dir='ltr'>ideo</span> <span class='ocrx_word' id='word_1_125' title='bbox 1730 2326 1822 2391; x_wconf 83' lang='lat' dir='ltr'>exal-</span> 
     </span>
     <span class='ocr_line' id='line_1_18' title="bbox 468 2445 1779 2515; baseline -0.003 0"><span class='ocrx_word' id='word_1_126' title='bbox 468 2449 635 2515; x_wconf 90' lang='lat' dir='ltr'>tacionem</span> <span class='ocrx_word' id='word_1_127' title='bbox 651 2456 765 2512; x_wconf 89' lang='lat' dir='ltr'>sancte</span> <span class='ocrx_word' id='word_1_128' title='bbox 780 2447 884 2512; x_wconf 89' lang='lat' dir='ltr'>crucis</span> <span class='ocrx_word' id='word_1_129' title='bbox 900 2445 1057 2511; x_wconf 89' lang='lat' dir='ltr'>celebrari</span> <span class='ocrx_word' id='word_1_130' title='bbox 1071 2446 1267 2513; x_wconf 86' lang='lat' dir='ltr'>Bonesacius</span> <span class='ocrx_word' id='word_1_131' title='bbox 1282 2448 1464 2512; x_wconf 90' lang='lat' dir='ltr'>constituit.</span> <span class='ocrx_word' id='word_1_132' title='bbox 1650 2447 1779 2512; x_wconf 85' lang='lat' dir='ltr'>Dccxl.</span> 
     </span>
    </p>

    <p class='ocr_par' dir='ltr' id='par_1_7' title="bbox 471 2567 1824 2772">
     <span class='ocr_line' id='line_1_19' title="bbox 558 2567 1824 2654; baseline 0 -21"><span class='ocrx_word' id='word_1_133' title='bbox 558 2568 676 2653; x_wconf 83' lang='lat' dir='ltr'>Dcxij.</span> <span class='ocrx_word' id='word_1_134' title='bbox 720 2567 778 2633; x_wconf 89' lang='lat' dir='ltr'>Ab</span> <span class='ocrx_word' id='word_1_135' title='bbox 801 2568 895 2633; x_wconf 90' lang='lat' dir='ltr'>obitu</span> <span class='ocrx_word' id='word_1_136' title='bbox 918 2568 1066 2632; x_wconf 90' lang='lat' dir='ltr'>eiusdem</span> <span class='ocrx_word' id='word_1_137' title='bbox 1090 2568 1256 2634; x_wconf 83' lang='lat' dir='ltr'>Boneiacii</span> <span class='ocrx_word' id='word_1_138' title='bbox 1278 2589 1382 2654; x_wconf 83' lang='lat' dir='ltr'>pape,</span> <span class='ocrx_word' id='word_1_139' title='bbox 1401 2588 1477 2634; x_wconf 92' lang='lat' dir='ltr'>cum</span> <span class='ocrx_word' id='word_1_140' title='bbox 1502 2569 1642 2639; x_wconf 88' lang='lat' dir='ltr'>sedisset</span> <span class='ocrx_word' id='word_1_141' title='bbox 1656 2567 1699 2652; x_wconf 87' lang='lat' dir='ltr'>vj.</span> <span class='ocrx_word' id='word_1_142' title='bbox 1718 2568 1824 2646; x_wconf 89' lang='lat' dir='ltr'>annis,</span> 
     </span>
     <span class='ocr_line' id='line_1_20' title="bbox 471 2687 1778 2772; baseline -0.002 -16"><span class='ocrx_word' id='word_1_143' title='bbox 471 2701 548 2757; x_wconf 92' lang='lat' dir='ltr'>octo</span> <span class='ocrx_word' id='word_1_144' title='bbox 565 2689 741 2769; x_wconf 89' lang='lat' dir='ltr'>mensibus,</span> <span class='ocrx_word' id='word_1_145' title='bbox 756 2688 874 2772; x_wconf 88' lang='lat' dir='ltr'>viginti</span> <span class='ocrx_word' id='word_1_146' title='bbox 896 2687 1024 2753; x_wconf 89' lang='lat' dir='ltr'>diebus.</span> <span class='ocrx_word' id='word_1_147' title='bbox 1587 2701 1778 2753; x_wconf 77' lang='lat' dir='ltr'>Dccxxxv.</span> 
     </span>
    </p>

    <p class='ocr_par' dir='ltr' id='par_1_8' title="bbox 471 2809 1823 3255">
     <span class='ocr_line' id='line_1_21' title="bbox 558 2809 1823 2895; baseline -0.001 -19"><span class='ocrx_word' id='word_1_148' title='bbox 558 2810 724 2894; x_wconf 81' lang='lat' dir='ltr'>Dcxxiiij.</span> <span class='ocrx_word' id='word_1_149' title='bbox 817 2811 965 2889; x_wconf 89' lang='lat' dir='ltr'>&#39;idorus,</span> <span class='ocrx_word' id='word_1_150' title='bbox 993 2809 1202 2893; x_wconf 88' lang='lat' dir='ltr'>Hispalensis</span> <span class='ocrx_word' id='word_1_151' title='bbox 1226 2811 1410 2895; x_wconf 91' lang='lat' dir='ltr'>episcopus,</span> <span class='ocrx_word' id='word_1_152' title='bbox 1442 2809 1561 2884; x_wconf 90' lang='lat' dir='ltr'>floruit,</span> <span class='ocrx_word' id='word_1_153' title='bbox 1588 2811 1644 2893; x_wconf 92' lang='lat' dir='ltr'>qui</span> <span class='ocrx_word' id='word_1_154' title='bbox 1674 2809 1749 2873; x_wconf 88' lang='lat' dir='ltr'>libri</span> <span class='ocrx_word' id='word_1_155' title='bbox 1779 2811 1823 2875; x_wconf 87' lang='lat' dir='ltr'>de</span> 
     </span>
     <span class='ocr_line' id='line_1_22' title="bbox 471 2931 1821 3017; baseline -0.004 -18"><span class='ocrx_word' id='word_1_156' title='bbox 471 2952 603 3000; x_wconf 90' lang='lat' dir='ltr'>summo</span> <span class='ocrx_word' id='word_1_157' title='bbox 632 2934 730 3007; x_wconf 83' lang='lat' dir='ltr'>bone,</span> <span class='ocrx_word' id='word_1_158' title='bbox 766 2932 1067 3017; x_wconf 86' lang='lat' dir='ltr'>ethimoogiarum‚</span> <span class='ocrx_word' id='word_1_159' title='bbox 1105 2942 1138 2997; x_wconf 91' lang='lat' dir='ltr'>et</span> <span class='ocrx_word' id='word_1_160' title='bbox 1176 2931 1356 2998; x_wconf 91' lang='lat' dir='ltr'>multorum</span> <span class='ocrx_word' id='word_1_161' title='bbox 1392 2931 1533 2996; x_wconf 88' lang='lat' dir='ltr'>aliorum</span> <span class='ocrx_word' id='word_1_162' title='bbox 1568 2941 1665 2995; x_wconf 90' lang='lat' dir='ltr'>autor</span> <span class='ocrx_word' id='word_1_163' title='bbox 1697 2931 1821 2996; x_wconf 88' lang='lat' dir='ltr'>extitit.</span> 
     </span>
     <span class='ocr_line' id='line_1_23' title="bbox 473 3050 1822 3136; baseline -0.004 -18"><span class='ocrx_word' id='word_1_164' title='bbox 473 3054 602 3120; x_wconf 90' lang='lat' dir='ltr'>Eodem</span> <span class='ocrx_word' id='word_1_165' title='bbox 629 3063 779 3136; x_wconf 89' lang='lat' dir='ltr'>tempore</span> <span class='ocrx_word' id='word_1_166' title='bbox 807 3050 1051 3127; x_wconf 90' lang='lat' dir='ltr'>Machometus,</span> <span class='ocrx_word' id='word_1_167' title='bbox 1078 3051 1230 3135; x_wconf 91' lang='lat' dir='ltr'>princeps</span> <span class='ocrx_word' id='word_1_168' title='bbox 1261 3051 1504 3118; x_wconf 86' lang='lat' dir='ltr'>Saracenorum</span> <span class='ocrx_word' id='word_1_169' title='bbox 1532 3061 1567 3117; x_wconf 93' lang='lat' dir='ltr'>et</span> <span class='ocrx_word' id='word_1_170' title='bbox 1591 3071 1718 3135; x_wconf 88' lang='lat' dir='ltr'>magus,</span> <span class='ocrx_word' id='word_1_171' title='bbox 1746 3070 1822 3115; x_wconf 92' lang='lat' dir='ltr'>cum</span> 
     </span>
     <span class='ocr_line' id='line_1_24' title="bbox 472 3171 1779 3255; baseline -0.002 -15"><span class='ocrx_word' id='word_1_172' title='bbox 472 3174 584 3240; x_wconf 92' lang='lat' dir='ltr'>multis</span> <span class='ocrx_word' id='word_1_173' title='bbox 599 3174 692 3239; x_wconf 90' lang='lat' dir='ltr'>annis</span> <span class='ocrx_word' id='word_1_174' title='bbox 707 3172 789 3237; x_wconf 87' lang='lat' dir='ltr'>salsa</span> <span class='ocrx_word' id='word_1_175' title='bbox 805 3171 980 3238; x_wconf 90' lang='lat' dir='ltr'>Saracenis</span> <span class='ocrx_word' id='word_1_176' title='bbox 996 3172 1236 3255; x_wconf 88' lang='lat' dir='ltr'>prophetasset,</span> <span class='ocrx_word' id='word_1_177' title='bbox 1254 3174 1347 3237; x_wconf 92' lang='lat' dir='ltr'>obiit.</span> <span class='ocrx_word' id='word_1_178' title='bbox 1601 3171 1779 3254; x_wconf 82' lang='lat' dir='ltr'>Dccxxiij.</span> 
     </span>
    </p>

    <p class='ocr_par' dir='ltr' id='par_1_9' title="bbox 558 3292 1779 3377">
     <span class='ocr_line' id='line_1_25' title="bbox 558 3292 1779 3377; baseline 0 -19"><span class='ocrx_word' id='word_1_179' title='bbox 558 3292 741 3374; x_wconf 83' lang='lat' dir='ltr'>Dccxxxj.</span> <span class='ocrx_word' id='word_1_180' title='bbox 786 3292 846 3358; x_wconf 85' lang='lat' dir='ltr'>Ab</span> <span class='ocrx_word' id='word_1_181' title='bbox 862 3293 956 3356; x_wconf 91' lang='lat' dir='ltr'>obitu</span> <span class='ocrx_word' id='word_1_182' title='bbox 971 3292 1169 3357; x_wconf 91' lang='lat' dir='ltr'>venerabilis</span> <span class='ocrx_word' id='word_1_183' title='bbox 1186 3292 1277 3358; x_wconf 89' lang='lat' dir='ltr'>Bede</span> <span class='ocrx_word' id='word_1_184' title='bbox 1293 3292 1477 3377; x_wconf 87' lang='lat' dir='ltr'>presbiteri.</span> <span class='ocrx_word' id='word_1_185' title='bbox 1652 3293 1779 3376; x_wconf 81' lang='lat' dir='ltr'>Dcxvj.</span> 
     </span>
    </p>

    <p class='ocr_par' dir='ltr' id='par_1_10' title="bbox 474 3412 1823 3619">
     <span class='ocr_line' id='line_1_26' title="bbox 557 3412 1823 3499; baseline -0.002 -19"><span class='ocrx_word' id='word_1_186' title='bbox 557 3414 744 3498; x_wconf 82' lang='lat' dir='ltr'>Deccxliij.</span> <span class='ocrx_word' id='word_1_187' title='bbox 792 3414 940 3497; x_wconf 86' lang='lat' dir='ltr'>Haymo,</span> <span class='ocrx_word' id='word_1_188' title='bbox 956 3412 1023 3496; x_wconf 92' lang='lat' dir='ltr'>qui,</span> <span class='ocrx_word' id='word_1_189' title='bbox 1038 3433 1212 3497; x_wconf 87' lang='lat' dir='ltr'>exponens</span> <span class='ocrx_word' id='word_1_190' title='bbox 1227 3433 1327 3498; x_wconf 89' lang='lat' dir='ltr'>super</span> <span class='ocrx_word' id='word_1_191' title='bbox 1343 3414 1513 3499; x_wconf 91' lang='lat' dir='ltr'>Epistolas</span> <span class='ocrx_word' id='word_1_192' title='bbox 1527 3424 1559 3479; x_wconf 91' lang='lat' dir='ltr'>et</span> <span class='ocrx_word' id='word_1_193' title='bbox 1575 3415 1711 3480; x_wconf 89' lang='lat' dir='ltr'>omelias</span> <span class='ocrx_word' id='word_1_194' title='bbox 1723 3435 1823 3499; x_wconf 91' lang='lat' dir='ltr'>super</span> 
     </span>
     <span class='ocr_line' id='line_1_27' title="bbox 474 3532 1777 3619; baseline -0.001 -20"><span class='ocrx_word' id='word_1_195' title='bbox 474 3533 658 3618; x_wconf 87' lang='lat' dir='ltr'>Evangelia</span> <span class='ocrx_word' id='word_1_196' title='bbox 672 3532 832 3599; x_wconf 91' lang='lat' dir='ltr'>laudabili</span> <span class='ocrx_word' id='word_1_197' title='bbox 851 3532 929 3599; x_wconf 88' lang='lat' dir='ltr'>stilo</span> <span class='ocrx_word' id='word_1_198' title='bbox 945 3533 1149 3617; x_wconf 89' lang='lat' dir='ltr'>conscripsit,</span> <span class='ocrx_word' id='word_1_199' title='bbox 1165 3534 1291 3600; x_wconf 91' lang='lat' dir='ltr'>claruit.</span> <span class='ocrx_word' id='word_1_200' title='bbox 1696 3536 1777 3619; x_wconf 78' lang='lat' dir='ltr'>niij.</span> 
     </span>
    </p>

    <p class='ocr_par' dir='ltr' id='par_1_11' title="bbox 471 3654 1823 3860">
     <span class='ocr_line' id='line_1_28' title="bbox 559 3654 1823 3739; baseline 0 -18"><span class='ocrx_word' id='word_1_201' title='bbox 559 3655 665 3739; x_wconf 81' lang='lat' dir='ltr'>chj.</span> <span class='ocrx_word' id='word_1_202' title='bbox 702 3654 858 3721; x_wconf 91' lang='lat' dir='ltr'>Urbanus</span> <span class='ocrx_word' id='word_1_203' title='bbox 869 3673 958 3738; x_wconf 90' lang='lat' dir='ltr'>papa</span> <span class='ocrx_word' id='word_1_204' title='bbox 972 3655 1089 3719; x_wconf 90' lang='lat' dir='ltr'>statuit</span> <span class='ocrx_word' id='word_1_205' title='bbox 1101 3665 1137 3718; x_wconf 93' lang='lat' dir='ltr'>ut</span> <span class='ocrx_word' id='word_1_206' title='bbox 1153 3654 1233 3718; x_wconf 91' lang='lat' dir='ltr'>hore</span> <span class='ocrx_word' id='word_1_207' title='bbox 1248 3655 1439 3719; x_wconf 88' lang='lat' dir='ltr'>beatissime</span> <span class='ocrx_word' id='word_1_208' title='bbox 1449 3654 1595 3737; x_wconf 89' lang='lat' dir='ltr'>Virginis</span> <span class='ocrx_word' id='word_1_209' title='bbox 1609 3654 1652 3719; x_wconf 90' lang='lat' dir='ltr'>ab</span> <span class='ocrx_word' id='word_1_210' title='bbox 1668 3657 1823 3722; x_wconf 90' lang='lat' dir='ltr'>omnibus</span> 
     </span>
     <span class='ocr_line' id='line_1_29' title="bbox 471 3774 1778 3860; baseline -0.001 -18"><span class='ocrx_word' id='word_1_211' title='bbox 471 3777 596 3842; x_wconf 91' lang='lat' dir='ltr'>clericis</span> <span class='ocrx_word' id='word_1_212' title='bbox 611 3777 733 3844; x_wconf 90' lang='lat' dir='ltr'>cotidie</span> <span class='ocrx_word' id='word_1_213' title='bbox 748 3776 909 3850; x_wconf 88' lang='lat' dir='ltr'>dicantur,</span> <span class='ocrx_word' id='word_1_214' title='bbox 925 3784 959 3840; x_wconf 89' lang='lat' dir='ltr'>et</span> <span class='ocrx_word' id='word_1_215' title='bbox 975 3775 1118 3840; x_wconf 87' lang='lat' dir='ltr'>officium</span> <span class='ocrx_word' id='word_1_216' title='bbox 1135 3775 1204 3841; x_wconf 90' lang='lat' dir='ltr'>eius</span> <span class='ocrx_word' id='word_1_217' title='bbox 1220 3775 1254 3839; x_wconf 90' lang='lat' dir='ltr'>in</span> <span class='ocrx_word' id='word_1_218' title='bbox 1269 3776 1418 3840; x_wconf 89' lang='lat' dir='ltr'>sabbatis</span> <span class='ocrx_word' id='word_1_219' title='bbox 1434 3774 1502 3840; x_wconf 88' lang='lat' dir='ltr'>fiat.</span> <span class='ocrx_word' id='word_1_220' title='bbox 1667 3776 1778 3860; x_wconf 83' lang='lat' dir='ltr'>cclvj.</span> 
     </span>
    </p>

    <p class='ocr_par' dir='ltr' id='par_1_12' title="bbox 560 3893 1823 3982">
     <span class='ocr_line' id='line_1_30' title="bbox 560 3893 1823 3982; baseline -0.002 -18"><span class='ocrx_word' id='word_1_221' title='bbox 560 3898 679 3982; x_wconf 79' lang='lat' dir='ltr'>chij.</span> <span class='ocrx_word' id='word_1_222' title='bbox 724 3895 932 3963; x_wconf 87' lang='lat' dir='ltr'>Venerabilis</span> <span class='ocrx_word' id='word_1_223' title='bbox 947 3895 1138 3972; x_wconf 89' lang='lat' dir='ltr'>Anselmus,</span> <span class='ocrx_word' id='word_1_224' title='bbox 1163 3897 1271 3980; x_wconf 91' lang='lat' dir='ltr'>primo</span> <span class='ocrx_word' id='word_1_225' title='bbox 1293 3896 1406 3972; x_wconf 88' lang='lat' dir='ltr'>abbas,</span> <span class='ocrx_word' id='word_1_226' title='bbox 1432 3907 1548 3980; x_wconf 90' lang='lat' dir='ltr'>postea</span> <span class='ocrx_word' id='word_1_227' title='bbox 1576 3893 1823 3963; x_wconf 89' lang='lat' dir='ltr'>Cantuariensis</span> 
     </span>
    </p>
   </div>
   <div class='ocr_carea' id='block_1_3' title="bbox 470 4002 1821 4342">
    <p class='ocr_par' dir='ltr' id='par_1_13' title="bbox 470 4002 1821 4342">
     <span class='ocr_line' id='line_1_31' title="bbox 472 4002 1778 4104; baseline -0.004 -19"><span class='ocrx_word' id='word_1_228' title='bbox 472 4017 746 4104; x_wconf 88' lang='lat' dir='ltr'>archiepiscopus,</span> <span class='ocrx_word' id='word_1_229' title='bbox 762 4019 795 4083; x_wconf 90' lang='lat' dir='ltr'>in</span> <span class='ocrx_word' id='word_1_230' title='bbox 810 4028 924 4084; x_wconf 90' lang='lat' dir='ltr'>sancta</span> <span class='ocrx_word' id='word_1_231' title='bbox 939 4019 1007 4084; x_wconf 89' lang='lat' dir='ltr'>vita</span> <span class='ocrx_word' id='word_1_232' title='bbox 1023 4027 1057 4083; x_wconf 91' lang='lat' dir='ltr'>et</span> <span class='ocrx_word' id='word_1_233' title='bbox 1072 4018 1220 4083; x_wconf 88' lang='lat' dir='ltr'>doctrina</span> <span class='ocrx_word' id='word_1_234' title='bbox 1235 4019 1360 4083; x_wconf 90' lang='lat' dir='ltr'>claruit.</span> <span class='ocrx_word' id='word_1_235' title='bbox 1374 4002 1381 4015; x_wconf 52' lang='lat'>⁸</span> <span class='ocrx_word' id='word_1_236' title='bbox 1679 4017 1778 4082; x_wconf 81' lang='lat' dir='ltr'>cclv.</span> 
     </span>
     <span class='ocr_line' id='line_1_32' title="bbox 559 4136 1821 4221; baseline -0.001 -15"><span class='ocrx_word' id='word_1_237' title='bbox 559 4141 679 4208; x_wconf 85' lang='lat' dir='ltr'>M.c.ix.</span> <span class='ocrx_word' id='word_1_238' title='bbox 724 4140 848 4205; x_wconf 91' lang='lat' dir='ltr'>Beatus</span> <span class='ocrx_word' id='word_1_239' title='bbox 871 4136 1059 4205; x_wconf 92' lang='lat' dir='ltr'>Bernardus</span> <span class='ocrx_word' id='word_1_240' title='bbox 1089 4139 1239 4203; x_wconf 91' lang='lat' dir='ltr'>ordinem</span> <span class='ocrx_word' id='word_1_241' title='bbox 1271 4137 1542 4204; x_wconf 90' lang='lat' dir='ltr'>Cisterciencium</span> <span class='ocrx_word' id='word_1_242' title='bbox 1574 4137 1765 4221; x_wconf 86' lang='lat' dir='ltr'>ingreditur,</span> <span class='ocrx_word' id='word_1_243' title='bbox 1787 4149 1821 4206; x_wconf 92' lang='lat' dir='ltr'>et</span> 
     </span>
     <span class='ocr_line' id='line_1_33' title="bbox 470 4258 1777 4342; baseline -0.003 -15"><span class='ocrx_word' id='word_1_244' title='bbox 470 4261 588 4330; x_wconf 88' lang='lat' dir='ltr'>eodem</span> <span class='ocrx_word' id='word_1_245' title='bbox 603 4281 691 4327; x_wconf 89' lang='lat' dir='ltr'>anno</span> <span class='ocrx_word' id='word_1_246' title='bbox 706 4261 810 4327; x_wconf 88' lang='lat' dir='ltr'>abbas</span> <span class='ocrx_word' id='word_1_247' title='bbox 827 4260 1026 4326; x_wconf 85' lang='lat' dir='ltr'>Clarevallis</span> <span class='ocrx_word' id='word_1_248' title='bbox 1041 4261 1189 4325; x_wconf 85' lang='lat' dir='ltr'>efficitur.</span> <span class='ocrx_word' id='word_1_249' title='bbox 1577 4258 1777 4342; x_wconf 75' lang='lat' dir='ltr'>ccxxxviii.</span> 
     </span>
    </p>
   </div>
   <div class='ocr_carea' id='block_1_4' title="bbox 0 0 2149 4890">
    <p class='ocr_par' dir='ltr' id='par_1_14' title="bbox 0 0 2149 4890">
     <span class='ocr_line' id='line_1_34' title="bbox 0 0 2149 4890; baseline 0 0"><span class='ocrx_word' id='word_1_250' title='bbox 0 0 2149 4890; x_wconf 95' lang='lat' dir='ltr'> </span> 
     </span>
    </p>
   </div>
  </div>
 </body>
</html>
