4282 4890
609 296 664 350 LE
686 295 833 350 BAKER
854 295 914 350 DE
936 295 962 350 S
968 295 1007 350 W
1011 295 1247 353 VNEBROKE.
1547 303 1609 372 159

254 494 436 572 Dominice,
451 495 508 578 qui
523 493 648 578 primus
660 503 694 559 et
709 513 859 557 summus
874 492 1026 577 pontifex
1041 494 1127 559 sedit
1143 494 1176 559 in
1191 494 1256 559 hoc
1274 494 1398 559 mundo
1413 495 1535 577 xxxiij.
1551 515 1611 559 an·

252 618 303 680 nis
326 624 360 680 et
382 626 544 700 quantum
567 624 652 679 esta
677 614 791 679 Natali
815 615 979 699 usquead
1004 615 1138 695 Pascha,
1155 617 1247 699 quod
1264 626 1378 680 tamen
1394 637 1453 701 pro
1469 616 1609 681 dimidio

252 759 338 802 anno
368 746 588 821 computatur,
620 737 815 801 secundum·
833 734 1112 801 Chrisostomum.
1174 736 1303 802 Eodem
1336 758 1424 802 anno
1456 737 1610 817 Christus
1643 827 1644 830 Ἴ

252 861 354 924 fertur
369 860 402 922 in
421 859 592 944 Egiptum,
607 835 641 922 ei
657 859 689 921 in
704 858 847 941 septimo
862 880 882 922 a
898 858 1083 924 Nativitate
1099 859 1132 922 in
1148 858 1288 923 Iudeam
1306 859 1489 923 revertitur.

341 980 438 1043 xxix.
484 979 649 1044 Iohannes
666 979 817 1062 Baptista
832 978 1014 1063 predicavit
1034 980 1240 1061 baptismum
1263 981 1458 1063 penitencie.
1506 979 1551 1043 Et
1575 980 1607 1042 in

254 1101 407 1184 proximo
422 1122 509 1165 anno
523 1109 682 1182 sequente
697 1094 880 1182 baptizavit
897 1098 1066 1164 Christum
1083 1100 1116 1162 in
1133 1099 1286 1163 Iordanis
1302 1099 1466 1164 flumine.

1355 1220 1564 1303 nccexviij.

341 1341 438 1423 xxxj.
485 1340 637 1406 Christus
660 1342 822 1406 convertit
845 1360 966 1424 aquam
991 1341 1023 1403 in
1048 1341 1171 1419 vinum,
1193 1342 1285 1424 quod
1305 1342 1368 1407 luit
1386 1342 1520 1407 inicium
1543 1341 1608 1423 sig-

255 1482 371 1526 norum
388 1463 466 1526 eius.
507 1462 551 1526 Et
567 1452 655 1526 anno
670 1463 820 1544 sequenti
837 1458 1004 1526 Iohannes
1017 1460 1171 1546 Baptista
1183 1463 1245 1527 sub
1261 1461 1398 1527 Herode
1414 1461 1608 1528 decollatur.

1376 1583 1564 1667 uccexvj.

342 1703 464 1787 xxxiij.
527 1703 691 1767 Dominus
721 1713 833 1768 noster
864 1703 955 1768 Iesus
986 1704 1139 1770 Christus
1160 1702 1370 1787 crucifigitur.
1418 1704 1463 1769 Et
1489 1704 1608 1769 eodem

255 1845 350 1900 anno,
366 1826 546 1889 secundum
562 1825 735 1907 quosdam,
754 1823 944 1908 Stephanus
960 1824 1231 1909 prothomartira
1248 1825 1359 1889 Iudeis
1375 1824 1549 1910 lapidatur.

1364 1945 1563 2029 ucccxiiij.

342 2067 475 2151 xxxiiij.
521 2066 645 2132 Beatus
668 2066 784 2132 Petrus
806 2066 996 2133 cathedram
1020 2065 1260 2133 sacerdotalem
1280 2067 1481 2151 inpartibus
1502 2068 1610 2132 orien-

255 2189 378 2254 talibus
399 2189 507 2273 primo
528 2189 634 2253 tenuit
651 2187 726 2272 iiij⁰¹
739 2189 853 2275 annis3
878 2188 933 2251 ubi
950 2189 1090 2272 primam
1112 2190 1247 2253 missam
1266 2187 1451 2268 celebravit,
1467 2189 1608 2253 dicendo

256 2312 489 2376 tantummodo
506 2309 604 2374 Pater
623 2318 743 2374 noster.
789 2310 835 2373 Et
854 2329 941 2373 anno
963 2309 1114 2392 sequenti
1136 2309 1257 2374 Paulus
1279 2304 1451 2392 apostolus
1473 2330 1608 2375 conver-

256 2434 338 2496 titur
354 2441 388 2496 et
403 2430 509 2496 fidelis
524 2431 712 2515 predicator
726 2430 874 2495 efficitur.
1377 2431 1566 2514 nhcccxiij.

343 2551 485 2635 xxxviij.
532 2551 648 2617 Petrus
668 2553 758 2635 apud
774 2549 991 2616 Antiochiam
1013 2550 1207 2617 cathedram
1223 2551 1446 2636 episcopalem
1468 2552 1610 2636 adeptus

256 2683 315 2752 est,
327 2674 384 2738 ubi
395 2673 481 2738 sedit
493 2671 548 2755 vij.
563 2671 666 2737 annis.
701 2671 804 2736 Anno
818 2672 964 2738 secundo
980 2681 1056 2756 post
1072 2671 1226 2737 Matheus
1241 2673 1454 2756 ewangelista
1469 2672 1608 2756 scripsit.

1399 2794 1563 2858 mccclx.

342 2914 413 2997 xlij.
458 2913 516 2979 Ab
537 2913 766 2998 assumpcione
784 2912 891 2979 Marie
904 2913 1049 2995 virginis
1064 2933 1139 2979 cum
1163 2924 1250 2979 esset
1265 2934 1427 2980 annorum
1447 2912 1517 2996 liiij.
1563 2913 1609 2978 Et

256 3057 342 3102 anno
358 3036 512 3121 proximo
529 3037 661 3101 Marcus
676 3032 888 3120 ewangelista
904 3033 1121 3118 ewangelium
1137 3036 1252 3102 edidit.
1414 3050 1564 3101 necem.

342 3158 410 3223 xlv.
457 3157 572 3222 Petrus
587 3155 757 3242 apostolus
771 3158 861 3241 apud
885 3157 1029 3221 Romam
1052 3178 1132 3219 xxv.
1149 3157 1251 3236 annis,
1266 3155 1321 3239 vij.
1345 3157 1520 3236 mensibus,
1542 3157 1608 3241 viij.

255 3281 382 3360 diebus,
398 3278 628 3364 pontificatum
644 3278 760 3343 tenuit.
1410 3278 1565 3362 mcccij.

343 3401 425 3484 lxiij.
472 3401 614 3466 Iacobus
629 3399 729 3466 srater
744 3399 891 3476 Domini,
907 3400 964 3483 qui
977 3399 1087 3464 Iustus
1102 3398 1299 3483 appellatur,
1316 3401 1359 3464 ab
1374 3398 1483 3484 impiis
1500 3400 1611 3465 Iudeis

256 3523 431 3605 lapidatur.
1322 3519 1565 3603 M.cc.lxxxiiij.

342 3643 415 3707 lxx.
461 3642 587 3717 Petrus,
613 3662 689 3707 curn
716 3640 940 3726 apostolatum
970 3641 1004 3705 in
1033 3640 1231 3725 supradictis
1255 3637 1338 3706 locis
1366 3640 1485 3722 xxxvj.
1516 3643 1610 3706 annis

255 3763 424 3838 tenuisset,
448 3763 511 3827 sub
534 3763 668 3828 Nerone
690 3762 953 3828 Christianorum
978 3771 1188 3847 persecutore
1212 3760 1421 3845 crucifigitur.
1479 3761 1608 3827 Eodem

256 3904 352 3962 anno,
367 3883 485 3947 eodem
499 3884 564 3963 die,
580 3894 614 3949 et
628 3885 691 3949 sub
706 3886 825 3949 eodem
846 3892 1066 3967 persecutore,
1084 3881 1205 3948 Paulus
1224 3881 1396 3966 apostolus
1417 3883 1608 3955 decollatur.

257 4006 303 4070 Et
320 4015 458 4088 uterque
470 4006 560 4089 apud
576 4005 722 4070 Romam
736 4006 903 4090 sepelitur.
1350 4003 1564 4088 M.cc.lxxvij.

342 4123 428 4209 lxxj.
473 4126 597 4192 Beatus
613 4126 716 4191 Linus
732 4127 821 4210 apud
839 4127 995 4206 Romam,
1011 4125 1205 4191 immediate
1223 4134 1300 4209 post
1316 4123 1459 4204 Petrum,
1475 4125 1609 4210 pontifi·
1652 4133 1758 4185 21⁶0!

255 4256 367 4314 catum
390 4248 544 4331 suscepit,
558 4257 602 4324 et,
617 4267 693 4314 curn
715 4249 856 4313 sedisset
878 4247 925 4332 xj.
940 4247 1035 4313 annis
1055 4254 1089 4312 et
1108 4247 1189 4331 iiijv.
1206 4246 1381 4327 mensibus,
1398 4246 1544 4312 martirio
1559 4255 1609 4312 est
