4282 4890
347 52 531 372 A
681 359 683 363 ⁷
921 273 1168 329 CHROr'l'ICON
1188 274 1393 329 GALFRIDI

308 486 465 536 solato.
482 475 630 539 exercitu
657 473 885 537 innumerabili
915 473 947 537 in
973 474 1060 539 acies
1089 484 1166 539 octo
1199 494 1337 557 magnas
1363 474 1478 540 diviso.
1525 472 1643 540 Gallici
1670 494 1781 557 regem
1805 484 1838 539 et

483 595 645 679 Anglicos
659 594 801 679 superbe
815 593 1092 672 exclamaverunt,
1109 593 1268 659 militibus
1283 596 1435 678 utrinque
1450 595 1634 711 iQet
1648 616 1747 679 super
1762 595 1840 659 litus

485 736 576 780 more
601 736 718 800 guerre
739 714 1037 780 hastiludiantibus.
1084 714 1161 780 Rex
1184 715 1273 779 misit
1295 715 1426 781 tiranno
1448 705 1587 781 offerens'
1609 716 1783 801 pacificum
1805 727 1840 782 et

486 839 695 921 indempnem
712 837 885 901 transitum
905 858 963 920 per
977 836 1100 901 vadum
1116 836 1159 901 ad
1177 837 1365 920 eligendum
1384 837 1446 903 sibi
1468 837 1577 904 locum
1595 848 1712 922 aptum
1731 837 1839 915 bello;

485 968 535 1023 set
561 957 794 1023 formidolosus
823 957 885 1023 iste
912 958 1091 1041 Philippus,
1116 958 1173 1040 qui
1199 978 1235 1022 se
1260 967 1358 1023 antea
1387 959 1575 1024 minabatur
1601 959 1839 1041 insequiturum

487 1101 608 1164 regem,
623 1079 728 1144 noluit
742 1089 822 1144 tunc
842 1078 975 1156 bellum,
990 1088 1040 1143 set
1060 1079 1154 1162 quasi
1177 1079 1221 1143 ad
1243 1078 1477 1145 alium-locum
1500 1099 1622 1162 aquam
1645 1080 1841 1144 transiturus

311 1203 435 1256 Batrteot
487 1201 680 1278 divertebat,
706 1209 741 1265 et
770 1220 829 1264 rex
856 1200 964 1284 ipsum
991 1199 1191 1284 expectabat
1216 1220 1275 1285 per
1301 1209 1407 1266 totam
1434 1210 1576 1267 noctem.
1623 1201 1662 1264 In
1688 1201 1841 1280 crastino,

311 1272 398 1336 crecy.
487 1322 610 1389 scilicet
625 1322 679 1388 die
697 1320 846 1397 Sabbati,
862 1342 922 1385 rex
938 1322 1105 1405 promovit
1118 1341 1215 1385 suum
1233 1322 1416 1388 exercitum
1431 1323 1475 1387 ad
1490 1342 1646 1421 campum
1664 1323 1706 1386 de
1723 1320 1841 1419 Cressi

487 1444 543 1508 ubi
569 1443 715 1509 obviavit
741 1443 783 1506 eii
809 1443 974 1509 exercitus
996 1443 1125 1507 tiranni.
1172 1442 1277 1527 Igitur
1303 1463 1363 1508 rex
1388 1465 1518 1527 semper
1539 1445 1583 1509 ad
1606 1443 1745 1528 prelium
1768 1464 1841 1528 pre·

486 1576 630 1650 paratus,
654 1574 688 1629 et
717 1564 767 1629 sui
793 1564 959 1630 exercitus
984 1564 1054 1630 acie
1080 1564 1188 1648 prima
1213 1564 1352 1648 principi
1377 1563 1497 1630 Wallie
1523 1565 1592 1631 filio
1617 1565 1841 1641 subordinata‚

486 1686 637 1752 custodia
658 1686 800 1749 secunde
823 1684 932 1761 missa,
954 1685 1089 1750 terciam
1112 1685 1298 1750 custodiam
1320 1684 1383 1749 sibi
1406 1686 1556 1763 retinens,
1576 1685 1689 1751 omnia
1712 1685 1786 1751 Deo
1807 1695 1841 1751 et

486 1804 1194 1909 QhffiQllfQffifffflw
1212 1805 1302 1887 quod
1324 1805 1375 1870 sui
1396 1825 1511 1869 omnes
1533 1807 1661 1890 pedites
1683 1805 1841 1870 insultum

417 1922 641 2146 whostilem
665 1926 896 2010 expectabant,
920 1927 1096 1991 dextrariis
1119 1936 1152 1991 et
1176 1926 1327 1992 cursariis
1350 1946 1425 1993 cum
1452 1927 1649 1993 victualibus
1672 1926 1841 1993 venacioni

489 2047 633 2151 hpptium
659 2045 1076 2155 lugitiVOrungng·
1091 2062 1135 2147 χ
1750 2080 1792 2174 λ

314 2171 361 2220 Di·
396 2169 470 2221 sirion
577 2168 752 2234 Exercitus
769 2166 971 2232 Francorum
987 2167 1047 2239 fuit
1063 2167 1096 2231 in
1113 2187 1252 2253 ssQ'ElH..
1248 2176 1374 2232 turmas
1388 2167 1522 2232 divisus.
1568 2167 1678 2232 Prima
1692 2167 1843 2234 custodia

313 2235 393 2286 oste
1117 2238 1140 2251 ”“
1571 2248 1840 2277 ὴ...-

314 2299 411 2351 Freneh
488 2291 557 2375 regi
579 2289 723 2368 Boemie,
741 2289 812 2356 viro
836 2310 954 2374 magne
976 2289 1139 2373 sapiencie
1159 2299 1192 2353 et
1212 2309 1379 2354 armorum
1399 2289 1614 2373 experiencie,
1632 2289 1844 2356 commenda-

240 2444 258 2521 Ρ·
285 2498 294 2517 ‚
313 2383 405 2525 ⁸3:¹¹<
489 2413 596 2489 batur,
614 2411 671 2495 qui
693 2412 810 2476 eodem
829 2411 884 2476 die
901 2411 934 2474 in
953 2411 1185 2501 ptnffitcionem
1206 2431 1264 2475 sue
1282 2409 1370 2474 fame
1388 2410 1488 2494 peciit
1509 2432 1530 2476 a
1549 2411 1679 2476 tiranno
1699 2411 1842 2495 primum

182 2466 278 2596 pop
489 2536 647 2600 ducatum
679 2538 782 2616 a'tque
816 2531 1026 2628 prophetavit
1062 2552 1097 2596 se
1132 2533 1327 2598 moriturum
1357 2542 1472 2598 contra
1504 2532 1698 2598 nobiliorem
1728 2533 1844 2598 mundi

491 2656 649 2734 militem;
675 2655 737 2719 sibi
760 2655 848 2718 enim
870 2655 990 2721 dicenti
1014 2673 1124 2737 regem
1145 2653 1269 2737 Anglie
1290 2673 1356 2718 non
1374 2673 1445 2718 esse
1467 2653 1579 2736 lugam
1602 2654 1760 2719 initurum
1783 2654 1844 2719 l'uit

437 2854 442 2863 .
489 2778 642 2843 vecordia
658 2777 891 2891 ἰωὴ
906 2776 994 2840 unde
1012 2775 1158 2875 regimen
1173 2774 1279 2859 prime
1296 2774 1445 2840 custodie
1459 2774 1576 2839 habuit
1593 2794 1669 2841 cum
1685 2774 1845 2840 instancia

160 2764 265 2829 r.:-='.
297 2764 319 2903 '3r

152 2912 172 3033 p
260 2940 282 2995 stt·
299 2926 346 2991 μ
359 2872 373 2949 ⁴¹
393 2922 403 2937 ·
425 2894 442 3057 )
492 2918 622 2981 magna.
666 2896 814 2962 Tantum
846 2897 949 2961 securi
984 2895 1114 2960 suerunt
1147 2895 1180 2960 in
1213 2895 1424 2960 multitudine
1456 2895 1506 2959 sui
1535 2895 1699 2961 exercitus
1728 2894 1844 2960 heroes

183 2980 239 3031 Η
271 3014 274 3021 '
493 3019 704 3095 Francorum,
733 3018 824 3100 quod
861 3016 979 3100 singuli
1017 3017 1185 3100 pecierunt
1221 3014 1366 3098 singulas
1399 3035 1555 3100 personas
1584 3014 1745 3098 Anglicas
1776 3015 1844 3079 suis

490 3138 675 3204 carceribus
704 3137 949 3221 mancipandas.
1004 3136 1082 3202 Rex
1112 3137 1276 3220 Malogrie
1303 3136 1403 3221 peciit
1429 3156 1540 3220 regem
1564 3136 1751 3218 Anglorum
1781 3135 1844 3200 sibi

491 3259 572 3337 dari,
598 3258 653 3325 alii
680 3259 870 3343 principem,
893 3258 950 3323 alii
976 3258 1131 3324 comitem
1156 3257 1430 3342 Norhamptonie,
1460 3256 1517 3322 alii
1547 3255 1639 3334 alios,
1663 3256 1843 3322 secundum

493 3382 583 3465 quod
616 3380 812 3445 videbantur
843 3380 1038 3458 nobiliores;
1076 3389 1126 3444 set
1157 3380 1304 3445 tirannus
1341 3378 1500 3477 hastatus,
1529 3378 1649 3443 timens
1684 3397 1726 3442 ne
1759 3379 1846 3444 circa

123 3576 137 3609 .·
152 3502 260 3590 ψῃ
350 3526 370 3575 r.
382 3526 441 3576 urs.
493 3502 684 3587 capcionem
699 3501 859 3568 nobilium
875 3502 1140 3567 redimendorum
1156 3501 1205 3566 sui
1225 3500 1330 3566 lorent
1345 3500 1483 3564 nimium
1498 3499 1641 3584 ocupati,
1656 3507 1690 3563 et
1708 3500 1846 3584 proinde

493 3624 624 3708 segnius
646 3625 689 3690 ad
712 3612 921 3690 communem
943 3623 1114 3690 victoriam
1137 3623 1336 3700 hanelarent,
1351 3621 1445 3685 iussit
1466 3619 1625 3704 explicari
1647 3640 1744 3685 suum
1763 3641 1845 3684 vex·

252 3822 271 3857 2·
319 3736 434 3853 {¹¹¹3}
494 3746 587 3811 illum
608 3746 699 3830 quod
714 3755 851 3811 vocatur
871 3743 1108 3820 Olillammum,
1123 3765 1190 3827 quo
1210 3753 1327 3821 erecto,
1343 3762 1409 3808 non
1430 3742 1521 3807 licuit
1540 3740 1603 3805 sub
1621 3760 1707 3825 pena
1727 3741 1846 3825 capitis

216 3904 219 3913 ·
319 3868 441 3920 auulsa
494 3867 537 3934 ali
562 3887 637 3931 uem
652 3887 691 3932 ca
733 3887 769 3931 re
783 3867 826 3931 ad
841 3866 944 3931 vitam
960 3865 1145 3932 reservand'
1158 3886 1201 3930 m.
1245 3864 1437 3931 Vocabatur
1456 3863 1591 3962 Q
1607 3860 1846 3947 Qiflammum,

495 3988 682 4075 significans
699 3986 956 4054 misericordiam
972 3952 1173 4054 blancorum
1190 4006 1354 4053 incensam
1370 3984 1515 4068 aliquem
1531 3979 1728 4049 mortalem¹
1743 4003 1846 4049 reser-

495 4131 573 4177 vare
586 4111 630 4176 ad
645 4111 748 4176 vitam
767 4129 833 4176 non
852 4129 958 4194 posse,
980 4109 1073 4176 sicud
1091 4128 1151 4175 nec
1170 4106 1281 4173 oleum
1301 4105 1543 4172 inflammatum
1562 4104 1659 4171 alicui
1679 4104 1847 4171 cremabili

61 3572 108 3645 br

1003 4247 1013 4281 ¹
1032 4248 1178 4305 mortalem
1190 4262 1282 4319 posse.
1301 4248 1334 4302 B.
