4282 4890
520 338 559 385 12
954 327 1201 384 CHRONICON
1229 326 1436 383 GALFRIDI

341 545 499 598 Annam.
519 548 594 592 cum
627 527 701 593 aliis
730 526 910 592 baronibus
938 527 982 591 ad
1012 526 1267 592 demolicionem
1296 548 1453 611 gazarum
1485 529 1651 612 Hugonis
1697 528 1870 597 Obsidioni

372 639 472 652 “-
519 651 637 714 acriter
659 649 828 714 insistente
851 669 937 732 rege,
960 646 1089 713 inclusis
1108 649 1359 732 desperantibus
1379 649 1422 714 de
1444 651 1541 715 castri
1563 652 1715 726 tuicione,
1732 653 1873 716 comites

519 778 552 835 et
579 770 718 835 barones
743 765 931 857 H[ugonis]
957 779 1151 846 vastatores,
1176 780 1380 835 armatonrm
1407 770 1531 836 suffulti
1559 793 1680 855 magna
1706 773 1871 847 comitiva,

212 912 264 1011 gd
303 892 323 932 '¹
360 858 373 1000 i
518 902 675 956 venerunt
697 891 939 976 Kingestonam
961 891 994 955 in
1009 891 1122 975 vigilia
1118 890 1371 988 QPEUQ
1377 890 1533 983 §pi-monis
1551 901 1591 987 et
1601 894 1699 989 lude,
1716 902 1870 978 rogantes

519 1035 580 1096 per
602 1014 740 1079 nuncios
764 1013 977 1093 intermissos,
1005 1014 1158 1077 dominos
1182 1012 1454 1078 cantuariensem
1483 1023 1517 1077 et
1542 1014 1809 1080 Londoniensem
1832 1035 1873 1080 ac

344 1151 499 1230 'rhemedia-
519 1135 677 1200 comitem
693 1133 1001 1208 Penbrochiensem,
1016 1135 1106 1217 quod
1128 1133 1337 1198 obsidionem
1361 1154 1419 1197 rex
1443 1145 1621 1209 amoveret,
1637 1136 1873 1218 promittentes

343 1219 488 1334 wige
518 1256 608 1340 qnod
631 1264 708 1339 post
735 1256 925 1339 proximum
948 1254 1202 1338 parliamentum
1230 1265 1373 1319 castrum
1397 1255 1465 1337 regi
1487 1256 1654 1320 redditum
1684 1258 1873 1322 subderent.

343 1349 448 1401 “sm
520 1378 597 1441 Rex
633 1398 720 1450 vero,
757 1378 964 1461 perpendens
1002 1375 1186 1442 castelanos
1225 1396 1291 1439 non
1326 1396 1424 1459 posse
1460 1377 1517 1440 diu
1556 1379 1705 1442 resistere
1742 1387 1776 1442 et
1812 1399 1871 1442 ex-

517 1509 688 1582 asperatus
719 1497 894 1562 rebellione
923 1496 1132 1576 inclusorum,
1154 1496 1335 1580 peticiones
1365 1496 1526 1562 baronum
1557 1497 1659 1561 noluit
1689 1500 1870 1577 exaudire;

518 1621 637 1703 quibus
669 1620 701 1682 in
731 1627 842 1703 partes
872 1618 953 1681 alias
984 1618 1147 1702 regressis,
1178 1627 1288 1681 castro
1320 1619 1457 1681 tandem
1492 1616 1605 1682 labore
1639 1639 1705 1683 non
1738 1618 1873 1684 modico

519 1750 744 1826 expungnato,
759 1740 817 1822 ,vj.
844 1740 887 1803 de
913 1739 1105 1804 forcioribus
1128 1739 1161 1802 in
1187 1738 1259 1821 ipso
1285 1739 1420 1822 repertis
1446 1739 1582 1803 indilate
1608 1741 1783 1823 suspensis,
1811 1762 1873 1805 ux·

343 1881 476 1933 sonender
519 1883 609 1928 orem
623 1855 882 1949 R[artholomei]
899 1861 940 1924 de
954 1860 1177 1924 Baddesmere
1188 1870 1222 1925 et
1236 1858 1318 1923 filios
1336 1859 1406 1923 eius
1423 1859 1513 1925 misit
1524 1862 1605 1925 turri
1623 1860 1872 1927 Londoniarum

343 1949 429 2065 {iitig
520 1982 763 2049 custodiendos.

1623 1979 1775 1998 ινα-η*
1776 1976 1883 1989 -----

345 2143 454 2194 Edward
608 2105 647 2167 In
663 2103 813 2185 sequenti
830 2103 1015 2167 Nativitate
1038 2102 1219 2169 Salvatoris
1236 2124 1305 2177 reX,
1331 2101 1546 2168 Cirencestrie
1561 2103 1729 2169 celebrato
1748 2103 1874 2180 Natali,

344 2208 457 2325 ms?
520 2244 595 2291 curn
618 2225 764 2289 exercitu
795 2223 934 2288 collecto
956 2225 1093 2288 tendens
1117 2225 1148 2287 in
1173 2223 1353 2288 marchiam
1377 2223 1507 2299 Wallie‚
1530 2224 1708 2327 declinavit
1736 2224 1875 2290 Glover·

344 2347 413 2391 west.
521 2349 619 2421 niam,
636 2366 696 2429 per
708 2347 871 2429 quosdam
888 2345 1028 2410 barones
1044 2356 1177 2428 paratos
1194 2345 1365 2413 rebellioni
1387 2357 1574 2428 ocupatam,
1591 2367 1651 2430 per
1665 2346 1872 2431 Wigorniam

343 2424 501 2473 ΔΝΜ
519 2468 563 2532 ad
594 2465 835 2561 Briggenorthe
865 2466 1011 2549 dirigens
1041 2464 1236 2543 exercitum,
1263 2467 1329 2541 ubi,
1357 2475 1466 2531 castro
1497 2487 1557 2550 per
1585 2475 1717 2550 tempus
1745 2466 1873 2550 aliquot

43 2676 46 2681 .
151 2603 168 2653 v
220 2622 255 2685 ‘a
284 2545 346 2646 td!
518 2589 655 2653 defenso
678 2597 729 2652 set
753 2587 888 2652 tandem
912 2608 972 2671 per
995 2607 1107 2669 regem
1129 2586 1267 2651 viriliter
1294 2596 1497 2671 expugnato,
1521 2587 1776 2653 castellanorum
1798 2589 1873 2670 qui·

167 2599 386 2795 iywfffftf'
519 2710 661 2775 busdam
684 2709 808 2786 occisis,
827 2709 991 2792 quosdam
1014 2708 1147 2790 fugatos
1169 2707 1343 2790 utlagiavit
1368 2717 1536 2773 eteorum
1559 2709 1783 2792 possessiones
1800 2710 1875 2773 ubi-

193 2795 296 2889 ff
342 2796 469 2909 r2102,
520 2850 662 2914 cumque
692 2829 726 2894 in
752 2851 813 2894 sno
844 2849 944 2913 regno
978 2838 1125 2912 repertas
1155 2829 1358 2894 confiscavit.
1415 2829 1549 2893 Exinde
1588 2828 1760 2913 Salopiam
1796 2846 1906 2914 rege-⁸

344 2979 497 3032 Subminion
523 2971 711 3035 progresso,
731 2959 870 3032 uterque
892 2949 1043 3030 Rogerus
1059 2950 1101 3013 de
1117 2949 1254 3014 Mortuo
1270 2948 1371 3014 mari¹
1394 2951 1438 3013 ad
1457 2950 1679 3015 reverenciam
1699 2960 1734 3015 et
1756 2971 1875 3034 pacem

345 3049 375 3097 of
383 3062 457 3110 many
468 3045 498 3095 of

345 3112 493 3164 naboon,
524 3071 614 3153 regie
641 3070 836 3154 magestatis
862 3090 898 3134 se
927 3069 1098 3147 offerebat,
1125 3089 1209 3151 quos
1238 3070 1337 3133 turris
1362 3069 1611 3134 Londoniarum
1637 3071 1787 3135 custodie
1813 3092 1874 3137 rex

522 3191 715 3279 transmisit.
761 3190 959 3254 Mauricium
974 3210 1053 3254 vero
1073 3189 1115 3253 de
1131 3188 1295 3273 Berkleye
1310 3199 1344 3255 et
1368 3186 1582 3278 Hknmeum]
1605 3191 1810 3274 Daudeleye,
1831 3194 1876 3257 ad

523 3314 629 3378 instar
659 3311 791 3376 illorum
823 3312 865 3376 de
896 3311 1031 3376 Mortuo
1061 3312 1145 3375 mari
1177 3312 1247 3395 regi
1284 3313 1459 3387 subiectos,
1490 3323 1599 3378 castro
1629 3313 1872 3398 Walingsordie

520 3434 713 3499 destinavit.
759 3431 881 3497 Comes
905 3432 1111 3507 Hereiordie,
1128 3431 1298 3497 Gilbertus
1313 3433 1447 3509 Talbot,
1465 3428 1651 3523 R[ogerus]
1674 3436 1823 3516 Damori,
1839 3447 1873 3502 et

521 3576 636 3620 omnes
657 3554 714 3619 alii
735 3555 795 3619 ciis
817 3555 991 3619 aderentes
1014 3554 1057 3618 ad
1081 3553 1237 3619 comitem
1260 3554 1462 3633 Lancastrie,
1477 3556 1510 3618 in
1529 3554 1627 3639 plaga
1643 3556 1759 3622 boriali
1782 3558 1874 3641 ipsos

345 3709 450 3760 Councit
462 3717 489 3760 at
511 3686 766 3762 expectantem,
788 3696 824 3740 se
847 3674 1095 3740 transtulerunt.
1142 3676 1220 3739 Istis
1266 3677 1392 3755 eractis,
1415 3676 1664 3760 archiepiscopo
1687 3679 1874 3761 presidente

346 3775 459 3826 L⁰¹²d⁰¹¹·
522 3800 554 3863 in
585 3797 725 3865 concilio
752 3797 935 3861 Londoniis
962 3697 1475 3882 celebratomtos
1500 3799 1667 3882 provincie
1695 3797 1874 3865 Cantuarie

345 3943 474 3994 aecanos
520 3921 724 3987 declaratum
745 3921 835 4004 quod
858 3939 1032 4003 processus
1050 3919 1142 3984 exilii
1165 3920 1378 3985 dominorum
1404 3920 1450 3984 H.
1466 3930 1499 3985 et
1522 3920 1568 3983 H.
1587 3919 1619 3985 le
1643 3919 1788 4003 Spenser
1810 3922 1873 3987 suit

346 4009 461 4142 ἓξὲξ
521 4062 675 4108 erroneus
690 4050 723 4106 et
739 4042 781 4106 de
802 4043 872 4106 iure
894 4039 1136 4121 adnullandus;
1160 4043 1249 4107 unde
1267 4062 1342 4107 curn
1364 4040 1504 4106 concilio
1525 4041 1739 4108 decreverunt
1757 4043 1873 4110 exula-

521 4175 574 4232 tos
596 4164 715 4229 honori
738 4163 876 4247 pristino
899 4162 1132 4228 restituendos.
1169 4192 1188 4241 a

695 4315 705 4349 ¹
725 4317 839 4374 Mortua
850 4327 948 4375 matre.
962 4320 994 4376 B.
1036 4317 1104 4373 Tln's
1116 4317 1225 4374 absura'
1232 4317 1352 4374 mistake
1363 4317 1520 4390 repeatedly
1532 4334 1627 4374 occurs
1638 4317 1671 4371 in
1685 4318 1717 4371 B.
