4282 4890
625 293 682 348 LE
704 292 848 348 BAKER
871 292 931 347 DE
952 293 977 346 S
983 293 1060 348 WY
1059 293 1262 350 VEBROKE
1421 357 1428 367 .
1560 303 1621 368 119

1729 348 1819 403 ἧᾝ-
1868 382 1878 389 .

271 489 389 553 riorem
269 488 553 601 *prebens
576 489 682 571 patrie
710 510 866 589 magnam
889 490 1098 554 securitatem
1121 511 1141 554 a
1160 420 1292 554 forariis
1319 430 1456 552 Calesie.
1465 516 1488 559 κ
1502 487 1625 553 Volens
1643 501 1714 550 aa>
1720 462 1800 551 issa.
1825 416 1845 487 l

273 610 372 693 igitur
269 538 568 674 concilium
592 610 792 676 Francorum
824 611 932 676 locum
960 611 1052 674 illum
1081 611 1246 688 rehabere,
1276 582 1333 674 aut
1359 610 1449 675 aliud
1476 609 1622 674 eiusdem
1643 631 1699 681 The

272 730 394 794 utilitat
346 731 424 794 tatis
455 728 607 795 edificare
636 752 697 814 pro
727 732 869 796 tuicione
898 732 1003 815 patrie
1028 732 1143 809 vicine,
1170 731 1328 795 miserunt
1364 730 1550 795 Galsridum
1581 732 1624 795 de
1643 697 1756 827 affl,

273 849 417 934 Chamy,
431 872 534 935 nuper
554 853 825 987 Qde
839 874 967 918 carcere
982 851 1179 936 Anglorum,
1195 873 1270 918 cum
1286 852 1465 917 autoritate
1484 851 1623 918 faciendi
1642 835 1782 893 monaste-y

1642 909 1701 943 near

271 993 336 1055 que
354 971 563 1055 sequuntur¹
609 973 842 1037 Itinerantibus
857 973 899 1038 de
915 973 1028 1057 Gynes
1043 975 1086 1038 ad
1107 972 1269 1038 Calesiam
1291 984 1360 1038 erat
1380 974 1516 1057 quidam
1533 973 1623 1039 locus
1642 959 1778 1076 Gffihe

271 1115 291 1157 a
309 1093 447 1157 srmstns
463 1093 555 1158 fortis
576 1105 625 1158 set
640 1095 789 1172 devotus,
807 1095 932 1159 habens
952 1094 1150 1161 ecclesiam'
1142 1116 1174 1159 m
1193 1115 1259 1177 qua
1274 1094 1416 1178 virgines
1436 1104 1624 1160 consecrate
1642 1089 1749 1206 fflh

270 1214 449 1279 servierunt
472 1214 555 1292 Deo,
577 1224 611 1279 et
633 1215 813 1280 vocabatur
836 1214 1032 1294 Labascie²;
1067 1216 1166 1281 etita
1188 1225 1296 1281 castro
1318 1217 1360 1280 de
1383 1215 1496 1298 Gynes
1519 1215 1625 1281 suerat
1724 1172 1741 1220 y

270 1334 423 1414 vicinus³,
450 1337 540 1418 quod
569 1345 693 1400 stantes
722 1334 856 1419 Anglici
883 1346 979 1401 extra
1005 1347 1136 1420 portam
1166 1358 1224 1400 sue
1254 1335 1446 1401 municionis
1473 1345 1625 1420 poterant

270 1455 365 1521 illuc⁴
388 1457 554 1539 sagittare.
586 1456 695 1521 ‘Istud
726 1457 961 1521 monasterium
988 1456 1126 1523 faciliter
1152 1467 1283 1542 poterat
1310 1456 1379 1520 fieri
1405 1456 1625 1534 defensibile⁶,

271 1579 388 1642 habuit
405 1579 493 1642 enim
509 1579 552 1643 ad
569 1578 672 1642 instar
691 1578 790 1643 castri
810 1598 921 1644 muros
941 1588 1067 1644 erectos
1082 1589 1116 1643 et
1136 1581 1253 1643 turrim
1273 1579 1409 1644 arduam
1428 1587 1462 1642 et
1476 1577 1624 1661 amplam

270 1720 331 1782 pro
346 1697 542 1782 campanili;
566 1699 682 1764 sedens
695 1699 826 1782 insuper
843 1699 875 1762 in
889 1699 1037 1775 marisc0,
1050 1700 1182 1765 modico
1198 1699 1310 1765 labore
1325 1708 1455 1783 poterat
1471 1699 1625 1782 aquatica

270 1818 359 1885 fossa
376 1819 537 1885 concludi.
583 1818 675 1884 Loco
695 1829 810 1885 sancto
829 1829 1132 1903 quantumcumque
1155 1831 1309 1904 suspecto
1328 1830 1440 1884 tamen
1456 1820 1501 1884 ob
1522 1821 1623 1885 devo·
1740 1785 1780 1915 s,
1817 1902 1820 1906 .
1833 1814 1889 1939 l)

269 1941 396 2006 cionem
414 1941 488 2005 Iesu
513 1939 635 2005 Christi
658 1961 772 2005 omnes
788 1939 923 2024 Anglici
945 1940 997 2005 et⁶
1019 1962 1149 2026 semper
1172 1950 1394 2026 pepercerunt,
1410 1960 1514 2023 usque
1531 1938 1622 2023 quo⁷
1731 1918 1774 1983 ἶ
1816 1928 1832 1983 ‘¹

270 2060 439 2127 Galsridus
471 2063 727 2146 prenominatus,
750 2063 783 2125 in
806 2062 1022 2128 violacionem
1045 2072 1245 2146 treugarum,
1267 2083 1343 2128 cum
1367 2062 1495 2146 potenti
1522 2081 1623 2126 manu

268 2194 397 2248 armata
421 2182 534 2267 Gynes
561 2179 718 2248 obsessit⁸
739 2192 773 2247 et
796 2182 956 2248 moniales
981 2184 1025 2248 ab
1051 2183 1205 2250 ecclesia⁹
1232 2183 1381 2261 dimovit,
1406 2193 1550 2249 castrum
1577 2183 1620 2246 de

269 2304 405 2369 ecclesia
426 2313 460 2368 et
483 2324 577 2369 muro
599 2304 738 2401 barbam
762 2301 836 2369 ac¹⁰
858 2304 921 2370 toti
937 2304 1059 2369 fossam
1076 2307 1166 2369 nisus
1183 2305 1359 2382 fabricare3
1393 2314 1427 2369 et
1449 2304 1513 2370 hoc
1535 2304 1622 2371 circa

270 2424 484 2490 Pentecosten
507 2423 593 2488 illius
615 2425 702 2502 anni,
722 2445 789 2507 quo
811 2434 961 2508 tempore
983 2426 1078 2508 aquis
1100 2447 1165 2490 non
1190 2425 1445 2508 impedientibus
1468 2434 1621 2508 poterant

268 2544 319 2608 sui
342 2545 374 2607 in
401 2546 541 2610 marisco
567 2513 765 2654 laborare><
774 2544 892 2627 Itaque
918 2545 1063 2610 anterius
1092 2547 1216 2610 obsessi
1243 2544 1411 2611 castellani
1438 2545 1481 2610 de
1507 2543 1622 2627 Gynes

268 2666 327 2728 vix
343 2675 496 2749 poterant
506 2665 617 2748 egredi
631 2661 720 2749 per¹¹
737 2664 938 2747 sossasaque
950 2665 1064 2749 plenas
1080 2666 1112 2730 in
1128 2666 1245 2732 cimbis
1255 2663 1282 2703 ¹²
1297 2676 1355 2730 aut
1371 2686 1429 2749 per
1445 2665 1620 2731 mariscum

267 2906 457 2972 victualiare
486 2917 621 2991 propter
646 2907 853 2972 obsidionem
884 2917 917 2972 et
941 2909 1128 2973 custodiam
1158 2909 1200 2972 de
1227 2904 1449 2972 Labbastie¹³.
1495 2907 1620 2971 Pluries

267 3027 419 3092 exierunt
434 3028 558 3092 obsessi
573 3037 606 3093 et
622 3028 824 3093 dimicabant
839 3049 915 3093 cum
931 3028 994 3093 illis
1013 3031 1055 3093 de
1071 3025 1293 3106 Labbastie¹³,
1311 3037 1361 3092 set
1382 3027 1479 3092 nimis
1496 3048 1620 3111 paucos

267 3149 455 3256 aliquando
468 3149 598 3233 sagittis
618 3159 651 3213 et
674 3170 908 3232 nonnunquam
929 3151 1002 3215 aliis
1024 3152 1124 3216 armis
1146 3151 1345 3217 occiderunt
1391 3149 1542 3214 Tandem
1566 3150 1620 3214 die

266 3271 447 3336 constituto
463 3281 685 3336 convenerunt
704 3270 907 3337 Calesienses
922 3293 997 3337 cum
1014 3273 1077 3336 illis
1097 3273 1140 3336 de
1156 3272 1231 3356 Oye
1246 3281 1280 3336 et
1295 3272 1337 3337 de
1353 3270 1478 3350 Metire,
1493 3291 1537 3335 ex
1553 3292 1619 3337 una

267 3402 370 3477 parte,
400 3391 644 3457 occurrentibus
666 3391 851 3457 castellanis
873 3412 917 3457 ex
940 3394 1089 3471 adverso,
1111 3402 1145 3458 et
1167 3392 1357 3458 occiderunt
1384 3391 1517 3469 multos,
1544 3392 1617 3476 plu-

267 3534 384 3597 resque
402 3512 565 3596 sugarunt,
583 3523 685 3595 atque
705 3512 845 3578 finaliter
861 3514 1074 3580 incenderunt
1096 3525 1203 3580 totam
1220 3510 1442 3591 Labbastie¹⁴,
1458 3521 1500 3590 et,
1517 3513 1618 3576 muris

266 3634 392 3712 dirutis,
414 3634 527 3700 omnia
548 3633 621 3700 solo
642 3645 855 3719 coequarunt.

355 3755 431 3821 Hoc
456 3776 544 3820 anno
570 3755 707 3820 domino
732 3756 817 3822 duce
844 3756 1035 3822 Lancastrie
1063 3755 1237 3893 ΒΨ
1266 3754 1414 3839 prolecto
1440 3765 1473 3819 et
1499 3754 1618 3820 deinde
1722 3760 1728 3771 '

302 3989 312 4022 ¹
331 3999 489 4061 sequantur.
508 3992 540 4046 R
651 3988 827 4050 ²Labbscie.
846 3996 880 4050 B.
994 3992 1005 4026 ⁸
1023 3992 1124 4050 vicina.
1143 3995 1176 4048 B.
1294 3991 1306 4023 ⁴
1323 3993 1361 4049 ad
1373 3992 1457 4048 illam.
1476 3993 1510 4049 Β.

301 4076 313 4111 ⁸
332 4078 502 4134 defensabis.
520 4080 553 4134 B.
642 4077 653 4111 ⁸
671 4080 760 4153 Angl.
773 4080 812 4153 et]
825 4099 878 4137 om.
892 4084 925 4139 C.
1031 4079 1043 4114 ⁷
1061 4083 1265 4154 quousque'c.
1360 4078 1544 4137 'obcessum
1563 4081 1595 4136 C.

302 4164 402 4221 'loco
422 4166 454 4220 C.
560 4163 583 4198 ¹⁰
600 4177 656 4224 aut.
676 4170 708 4224 B.
815 4169 836 4202 ¹¹
855 4187 912 4242 pre.
933 4171 965 4226 C.
1072 4168 1094 4202 ¹²
1111 4169 1230 4226 circulis.
1337 4166 1359 4201 ¹⁸
1378 4166 1521 4225 Labascie.
1541 4170 1573 4225 C.

303 4253 325 4286 ¹⁴
343 4252 507 4310 Labbaseie.
527 4255 559 4309 C.

1741 328 1751 355 Ι
1777 340 1787 349 ⁸
1817 320 1881 381 'ijs
1899 295 1973 384 >·Ὶ“Ι
