4282 4890
691 285 999 343 CHRONICULUM
1020 287 1230 344 GALFRIDI.
1566 293 1627 362 157

276 486 343 551 duo
357 484 531 551 luminaria
546 505 676 568 magna,
687 484 838 551 videlicet
853 485 970 565 solem,
981 484 1095 551 lunam
1111 495 1145 551 et
1159 485 1279 562 stellas,
1291 507 1356 569 que
1372 486 1479 551 celum
1495 494 1623 563 omant,

277 620 397 674 terram
412 607 605 687 illuminant,
619 616 836 690 temporaque
854 608 1039 692 distingunt
1054 630 1062 684 3
1085 617 1119 673 et
1134 608 1244 691 posuit
1264 604 1322 672 ea¹
1346 608 1380 672 in
1400 607 1620 673 firmamento.

365 729 491 813 Quinto
513 730 567 794 die
589 729 718 794 ornavit
741 730 834 794 Deus
855 750 965 794 aerem
988 739 1023 795 et
1048 750 1180 813 aquam,
1206 727 1356 795 volatilia
1382 729 1466 794 dans
1488 729 1564 806 aeri,
1589 739 1623 795 et

279 850 431 915 natancia
453 851 557 935 aquis,
580 862 615 917 et
637 860 775 935 utraque
796 873 841 917 ex
863 852 958 935 aquis
980 852 1069 917 secit.

365 971 473 1037 Sexto
495 973 549 1037 die
566 972 642 1038 iecit
662 973 818 1051 iumenta,
834 974 966 1050 bestias,
981 983 1015 1038 et
1037 972 1176 1056 reptilia,
1192 972 1236 1038 ad
1259 982 1344 1037 terre
1366 972 1484 1038 faciem
1507 992 1625 1037 ornan-

277 1095 367 1159 dam.
423 1092 613 1158 Novissime
636 1103 747 1159 autem
772 1094 805 1157 in
835 1095 1124 1159 consummacione
1150 1093 1298 1159 omnium
1327 1092 1504 1176 plasmavit
1530 1094 1623 1159 Deus

277 1215 448 1280 hominem
465 1217 508 1281 de
522 1214 603 1280 limo
618 1225 705 1281 terre
721 1215 754 1279 in
770 1236 850 1299 agro
866 1216 1096 1291 Damascen03
1119 1215 1171 1280 cui
1187 1215 1281 1280 dedit
1295 1215 1447 1297 spiritum
1462 1215 1505 1279 ad
1526 1236 1621 1297 yma·

277 1337 389 1420 ginem
405 1347 439 1403 et
453 1337 701 1402 similitudinem
717 1357 811 1401 suam
827 1345 983 1416 creatum,
995 1346 1028 1401 et
1043 1347 1197 1402 vocatum
1213 1347 1264 1402 est
1280 1357 1400 1401 nomen
1417 1336 1486 1401 eius
1499 1336 1623 1400 Adam.

278 1458 526 1543 Transtulitque
541 1479 616 1523 eum
631 1458 664 1522 in
686 1458 873 1541 paradisum
888 1456 1077 1540 voluptatis,
1093 1469 1135 1535 et,
1151 1477 1192 1521 ne
1208 1458 1315 1522 minor
1331 1466 1419 1522 esset
1438 1456 1577 1522 felicitas
1591 1457 1619 1521 si

278 1591 430 1646 consorte
445 1591 579 1656 careret,
596 1579 673 1662 quia
693 1580 764 1643 sine
778 1580 869 1644 socio
889 1579 979 1643 nulla
995 1588 1045 1643 est
1066 1579 1207 1644 iocunda
1226 1578 1401 1661 possessio,
1416 1577 1492 1644 iecit
1514 1578 1620 1642 Evam

278 1703 321 1766 de
336 1712 428 1767 costa
444 1702 522 1766 Ade
537 1702 737 1779 dormientis,
753 1711 791 1766 ut
806 1711 893 1766 esset
909 1702 938 1765 ei
954 1701 1156 1766 adiutorium
1172 1699 1277 1764 simile
1291 1699 1363 1765 sibi.

366 1820 521 1888 Seculum
552 1823 823 1907 generacionibus
854 1832 888 1887 et
918 1822 1176 1888 successionibus
1199 1830 1351 1900 constat3
1386 1821 1506 1886 dicitur
1535 1821 1621 1885 enim

278 1945 425 2010 seculum
448 1966 489 2010 eo
513 1945 603 2028 quod
625 1964 662 2010 se
683 1955 848 2028 sequatur,
864 1945 942 2027 quia
967 1944 1164 2009 abeuntibus
1182 1942 1256 2009 aliis
1278 1942 1343 2006 alia
1364 1942 1566 2022 succedunt;
1589 1952 1624 2007 et

278 2067 363 2146 ideo,
379 2065 546 2151 loquendo
569 2067 612 2131 de
634 2064 755 2144 seculo,
771 2066 952 2131 videndum
970 2075 1022 2130 est
1044 2065 1162 2149 primo,
1186 2074 1268 2148 quot
1290 2073 1367 2129 sunt
1390 2074 1497 2130 etates
1517 2064 1620 2130 seculi
1672 2074 1778 2130 tuot

277 2190 398 2274 quibus
418 2189 531 2254 omnia
551 2187 662 2254 secula
681 2188 912 2272 distinguntur.
959 2187 1013 2267 Et,
1030 2187 1114 2252 sicut
1129 2187 1222 2253 Deus
1239 2207 1298 2270 per
1311 2185 1354 2270 vj.
1371 2185 1441 2251 dies
1460 2189 1622 2252 mundum

278 2310 401 2375 creavit
416 2319 450 2373 et
470 2309 598 2373 ornavit
614 2318 649 2374 et
670 2309 703 2372 in
724 2311 867 2392 septimo
890 2309 1058 2391 requievit,
1074 2309 1119 2373 ita
1141 2306 1288 2374 seculum
1305 2329 1364 2392 per
1377 2307 1420 2390 vj.
1437 2317 1543 2374 etates
1563 2309 1628 2372 dis·

277 2432 449 2514 tinguitur,
465 2441 499 2496 et
522 2431 555 2493 in
577 2430 728 2513 septima,
742 2428 897 2495 videlicet
919 2439 996 2513 post
1019 2427 1119 2492 finem
1143 2429 1266 2505 mundi,
1283 2429 1343 2492 erit
1367 2429 1459 2494 iustis
1475 2431 1568 2513 quies
1591 2440 1625 2495 et

277 2551 392 2637 gloria,
407 2551 535 2617 iniustis
556 2571 636 2615 vero
660 2571 746 2634 pena
768 2559 890 2615 eterna.

366 2673 420 2737 De
440 2692 577 2736 numero
598 2682 710 2737 autem
732 2681 869 2746 etatum,
885 2671 991 2752 prima
1007 2670 1120 2753 incipit
1140 2672 1183 2736 ab
1199 2671 1326 2755 origine
1341 2672 1465 2748 mundi,
1482 2683 1516 2738 et
1531 2673 1628 2738 durat

279 2813 384 2877 usque
406 2794 449 2858 ad
474 2793 550 2858 Noe
571 2792 737 2868 inclusive,
753 2793 931 2869 continens,
948 2793 1129 2857 secundum
1145 2791 1344 2866 Ysodorum,
1360 2791 1475 2857 decem
1490 2814 1628 2876 genera·
1752 2791 1827 2925 >q

279 2915 391 2980 ciones
406 2924 440 2979 et
460 2934 565 2980 annos
580 2917 647 2980 duo
664 2914 768 2979 millia
785 2913 909 2997 ccliiij.
956 2865 1457 2997 ffiNoe
1476 2926 1509 2979 et
1528 2915 1626 2980 durat

220 3097 227 3109 ,
279 3039 451 3120 usquead
482 3035 656 3101 Abraham
687 3036 863 3115 exclusive,
891 3046 924 3101 et
955 3035 1102 3101 continet
1132 3036 1177 3098 ix.
1206 3035 1440 3119 generaciones
1464 3046 1498 3101 et
1523 3057 1627 3101 annos

279 3156 490 3240 D.cccc.xlij.
534 3158 653 3223 Tereia
675 3167 747 3223 etas
771 3158 885 3241 incipit
906 3158 949 3222 ab
964 3156 1139 3222 Abraham
1156 3166 1190 3221 et
1210 3157 1306 3221 durat
1325 3177 1429 3240 usque
1446 3157 1490 3222 ad
1507 3158 1626 3233 David,

277 3290 311 3345 et
327 3280 475 3345 continet
490 3299 551 3342 xx.
563 3280 795 3362 generaciones
810 3289 845 3344 et
859 3278 1082 3343 successiones
1098 3289 1132 3344 et
1146 3297 1251 3343 annos
1274 3279 1456 3343 neccoxl.
1502 3280 1628 3363 Quarta

278 3412 349 3466 etas
365 3402 481 3487 incipit
502 3422 522 3466 a
539 3400 649 3465 David
671 3410 705 3466 et
720 3402 819 3465 durat
834 3420 938 3484 usque
959 3400 1003 3465 ad
1019 3399 1343 3482 transmigracionem
1365 3400 1450 3463 Iuda
1470 3401 1504 3464 in
1526 3400 1626 3465 Babi-

277 3521 397 3600 lonem,
415 3524 585 3588 continens
609 3543 668 3587 xx.
684 3522 915 3604 generaciones
930 3531 964 3586 et
984 3520 1206 3586 successiones
1228 3529 1262 3584 et
1284 3540 1386 3583 annos
1402 3520 1624 3605 cccc.lxxvij.

278 3644 405 3728 Quinta
417 3654 486 3708 etas
503 3642 615 3725 incipit
631 3665 651 3706 a
666 3643 958 3729 transmigracione
972 3642 1151 3721 Babiionis,
1164 3651 1197 3706 et
1209 3643 1307 3706 durat
1322 3660 1425 3724 usque
1437 3643 1480 3706 ad
1497 3643 1620 3707 adven-

279 3777 351 3830 tum
375 3763 568 3840 Salvatoris,
590 3764 765 3830 continens
787 3764 895 3848 xxiiij.
918 3764 1150 3849 generaciones
1172 3772 1206 3828 et
1227 3763 1449 3827 successiones
1464 3773 1498 3827 et
1521 3784 1625 3828 annos

279 3902 397 3952 Dxxv.
448 3884 493 3949 Et
514 3895 564 3950 est
586 3905 718 3950 summa
738 3885 991 3970 generacionum
1014 3895 1049 3950 et
1068 3885 1311 3950 successionum
1331 3884 1375 3948 ab
1390 3885 1488 3949 inicio
1510 3886 1625 3950 mundi

279 4027 384 4090 usque
403 4005 583 4070 adventum
604 4005 727 4072 Christi
747 4006 891 4089 lxxxiij,
912 4008 1092 4097 secundum
1107 4004 1307 4081 Ysidorum3
1331 4025 1460 4069 summa
1474 4026 1552 4070 vero
1566 4028 1625 4072 an·

278 4149 395 4194 norum
410 4117 632 4211 V.c.xxxviij:
656 4139 907 4212 verumptamen
927 4129 1108 4192 secundum
1125 4127 1290 4206 Orosium,
1306 4128 1357 4192 cui
1379 4127 1524 4192 maxime
1547 4148 1625 4193 con·

889 4247 898 4280 ¹
918 4266 976 4304 eas.
991 4249 1023 4303 B.
