4282 4890
483 285 545 350 116
923 292 1168 350 CHRONICON
1189 292 1394 348 GALFRIDI

306 506 379 558 ΔΗΒ
386 508 460 556 1851
481 489 638 568 dissent¹,
648 492 800 591 animose
803 500 931 589 tamen,
934 492 1027 597 lieet
1028 512 1097 598 non
1114 492 1287 601 sapienter,
1297 511 1374 585 suos
1390 490 1502 554 hostes
1518 501 1718 600 receperunt
1757 487 1834 555 Sie¹

480 614 654 679 innovatur
668 635 743 679 acer
743 570 963 691 conflictus,
953 635 985 677 m
1000 582 1068 696 quo
1074 580 1167 678 dux
1175 579 1447 689 adversariorum,
1447 586 1608 695 prelatus
1624 612 1776 676 dominus
1792 614 1833 677 de

481 735 628 818 Bealgin,
644 735 762 800 cecidit
778 745 905 820 peremt
908 756 966 813 us;
990 756 1057 817 quo
1078 755 1143 798 non
1166 734 1328 810 obstante,
1349 733 1398 797 sui
1421 744 1609 798 constanter
1628 744 1758 797 nostros
1774 754 1833 796 ex·

481 837 677 940 pugnamnt‚
693 864 793 938 atque
816 876 930 920 omnes
952 865 1107 939 cepemnt
1131 854 1261 938 preter³
1284 874 1415 938 paucos,
1438 855 1505 937 qui,
1523 855 1555 918 in
1579 853 1678 919 aliis⁴
1701 854 1833 919 conflic-

374 981 376 983 ’
481 977 571 1040 tibus
582 977 724 1059 graviter
739 977 895 1053 wlnerati,
908 997 983 1042 cum
1000 975 1063 1039 illis
1078 976 1134 1058 qui
1151 976 1287 1077 predam
1304 976 1347 1039 ad
1359 974 1470 1039 villam
1484 976 1661 1071 abigebant
1676 986 1754 1040 ante
1768 986 1834 1040 ter·

481 1097 568 1161 cium
585 1095 772 1162 conflictum
789 1096 916 1162 fuerant
940 1097 1113 1173 Calesiam,
1137 1107 1187 1160 set
1210 1097 1316 1180 pauci,
1339 1096 1484 1179 regressi.
1530 1096 1651 1160 Nullus
1672 1096 1834 1201 Anglicus

481 1217 542 1281 suit
566 1218 611 1281 ibi
634 1218 768 1292 occisus,
783 1218 932 1283 scilicet⁵
950 1219 1007 1301 qui
1029 1239 1065 1282 se
1086 1218 1190 1282 voluit
1214 1217 1311 1301 alicui
1335 1218 1490 1295 reddere3
1522 1219 1608 1282 unde
1631 1217 1697 1281 fere
1719 1237 1834 1281 omnes

482 1349 598 1422 postea
619 1338 748 1404 fuerunt
766 1349 823 1403 aut
842 1360 901 1423 per
922 1340 1186 1453 redempciopem
1209 1349 1267 1403 aut
1281 1267 1586 1404 cillin‘iifclonem
1610 1325 1749 1419 aliorum
1773 1359 1846 1425 pro¹

482 1458 546 1523 illis
562 1459 724 1524 liberatil.

307 1579 456 1697 ngewigh
510 1560 512 1565 ³
570 1580 700 1646 Eodem
727 1602 814 1647 anno
836 1601 935 1646 naves
968 1581 1119 1665 Ispanie⁷
1153 1603 1227 1648 cum
1258 1582 1457 1647 auctoritate
1486 1582 1649 1647 tractandi
1681 1584 1722 1647 de
1753 1601 1834 1664 pace

307 1648 428 1762 witlam
482 1700 642 1784 Angliam
667 1702 904 1786 applicuerunt,
930 1702 1022 1768 sicud
1049 1723 1136 1767 anno
1164 1704 1321 1786 preterito
1346 1703 1407 1767 luit
1431 1724 1489 1787 per
1513 1705 1645 1768 easdem
1667 1702 1785 1768 citatas
1801 1712 1834 1766 et

308 1779 411 1829 Franoe„
482 1822 633 1887 detentas
648 1823 947 1906 compromissum3
970 1833 1003 1887 et
1025 1824 1176 1888 ordinate
1197 1832 1272 1887 sunt
1295 1834 1409 1907 treuge
1432 1825 1516 1888 inter
1531 1824 1693 1907 Anglicos
1713 1832 1746 1887 et
1762 1823 1834 1887 illas

337 1998 396 2047 κω,
481 1963 541 2005 xx.
572 1943 666 2007 annis
689 1944 856 2012 durature.
901 1944 996 2019 ltem,
1030 1944 1114 2008 inter
1144 1964 1244 2027 regna
1274 1943 1398 2028 Anglie
1430 1957 1464 2010 et
1492 1945 1628 2010 Francie
1658 1945 1737 2008 inite
1759 1954 1835 2007 sunt

481 2074 597 2146 treuge
626 2083 711 2129 anue
740 2062 970 2143 duracionis⁸3
1008 2084 1090 2147 quas
1120 2074 1255 2148 propter
1285 2066 1476 2148 capcionem
1511 2066 1609 2130 castri
1646 2067 1688 2130 de
1721 2063 1835 2148 Gynes

483 2182 601 2248 Gallici
617 2183 791 2267 fregerunt,
806 2184 898 2249 sicud
910 2183 1041 2248 annali⁹
1058 2185 1214 2269 proximo
1228 2196 1370 2250 notatur.

308 2315 411 2380 Adjust·
570 2304 646 2368 Hiis
665 2305 768 2369 eciam
794 2302 1000 2391 temporibus
1024 2317 1191 2371 mutatum
1221 2316 1271 2372 est
1309 2329 1425 2372 aurum
1456 2307 1619 2392 optimum
1651 2308 1683 2370 in
1714 2328 1834 2372 novam

307 2380 419 2512 inoffi
483 2447 616 2491 auream
634 2436 811 2505 monetam,
833 2426 1003 2510 antiquum
1024 2428 1111 2492 enim
1133 2439 1191 2493 not
1178 2429 1323 2493 tabiliter
1339 2429 1442 2495 valuit
1465 2429 1550 2494 ultra
1570 2429 1715 2530 precium
1737 2439 1834 2494 taxa-

483 2558 568 2649 tum,
588 2558 621 2612 et
644 2548 720 2612 ideo
743 2548 994 2625 Lumbardi,ce
957 2549 1056 2613 ceteri
1071 2570 1203 2632 quoque
1227 2560 1424 2615 mercatores
1447 2550 1584 2628 alieni,
1575 2571 1683 2634 rpsum
1707 2562 1834 2615 emtum

477 2636 734 2752 asportaverunt
749 2669 791 2734 de
806 2689 917 2753 regno,
937 2669 980 2734 ad
1002 2690 1157 2752 magnam
1180 2670 1266 2754 regis
1288 2656 1321 2735 et
1339 2671 1444 2736 tocius
1460 2671 1607 2755 Anglie
1599 2681 1767 2773 iacturam,
1783 2671 1835 2736 cui
1929 2710 1933 2721 ·
2003 2688 2008 2697 ·

426 2790 545 2856 .suit
568 2790 789 2855 remedialiter
810 2791 977 2874 provisum
1001 2812 1060 2875 per
1082 2791 1264 2874 predictam
1283 2793 1590 2857 commutacionem.
1637 2764 1714 2857 Fuit
1730 2793 1834 2857 eciam

419 2920 619 3050 xmoneta
644 2920 800 2994 argentea
826 2911 868 2974 de
894 2930 981 2975 novo
1014 2911 1182 2987 fabricata,
1209 2911 1361 2977 videlicet
1387 2933 1521 2995 grossus
1544 2912 1664 2977 valoris
1679 2923 1836 3095 quatuor

126 2922 458 3185 ltrlpwsx
482 3028 715 3114 sterlingorum
731 3041 764 3095 et
779 3030 887 3095 alius
877 3051 909 3094 m
926 3031 1091 3131 subduplo
1106 3032 1168 3095 sibi
1185 3015 1484 3123 ιρριεςίιιιιιεχ
1480 3002 1511 3107 i
1531 2992 1637 3097 dr
1576 3043 1609 3099 ις
1897 3000 1907 3021 ·.
1979 3010 1982 3015 Ι

131 3136 211 3259 ·’·Ξι
309 3194 380 3242 ,UD
388 3191 466 3240 18⁶2
571 3150 674 3214 Anno
690 3149 812 3215 Christi
829 3150 1001 3232 Mmccclij,
1011 3152 1097 3216 cirea
1112 3152 1309 3236 principium
1329 3152 1450 3216 mensis
1467 3114 1619 3229 Ianuarii,
1632 3151 1768 3217 Gallrcrs
1780 3173 1835 3217 oc

311 3283 421 3347 Captum
432 3280 462 3331 ot
485 3271 613 3354 cupatis
627 3271 713 3336 circa
728 3272 972 3355 reparacionem
989 3291 1156 3336 murorum
1171 3272 1247 3336 ville
1263 3274 1304 3338 de
1321 3272 1443 3356 Gynes‚
1455 3283 1552 3337 antea
1561 3270 1587 3309 ¹⁰
1602 3294 1659 3356 per
1674 3272 1836 3356 Anglicos

310 3346 443 3464 pqequqlg
485 3390 599 3453 devast
586 3398 663 3465 tate,
678 3389 814 3471 quidam
833 3387 893 3451 viri
908 3398 1015 3452 status
1031 3388 1181 3453 militaris
1201 3389 1293 3473 operi
1313 3399 1408 3455 tanto
1431 3388 1517 3453 male
1536 3389 1656 3454 conscii
1679 3389 1835 3471 ingeniati

311 3480 345 3543 by
352 3492 466 3544 ’'mm‘'
460 3488 562 3574 sunt
577 3530 647 3573 erus
658 3509 934 3587 demollrcronem
945 3518 978 3573 et
994 3507 1175 3588 efficaciter,
1187 3510 1248 3574 sub
1267 3510 1328 3575 hac
1341 3499 1456 3574 forma.
1488 3509 1571 3574 Erat
1586 3510 1720 3592 quidam
1727 3511 1835 3624 sagit-

486 3630 588 3695 tarius
602 3630 736 3695 nomine
756 3630 919 3696 lohannes
939 3630 1153 3695 Danecastrre
1163 3629 1188 3669 ¹¹
1191 3631 1271 3715 ,qui
1293 3631 1471 3715 aliquando
1491 3642 1609 3715 captus
1630 3640 1663 3695 et
1683 3631 1715 3694 in
1727 3596 1836 3695 castro

485 3752 528 3816 de
538 3749 672 3833 Gynes
663 3762 887 3830 incarceratus,
896 3772 956 3818 nec
967 3752 1100 3863 Q?
1101 3752 1314 3839 wedrmr
1324 3762 1444 3857 osset
1456 3763 1492 3816 ut
1503 3752 1547 3816 rbr
1559 3751 1709 3816 srmrlrter
1720 3772 1837 3836 opera

486 3880 582 3949 retur,
595 3872 869 3982 sueratdkrmpqus.
880 3872 972 4001 (Iste,
987 3874 1158 3940 cuiusdam
1178 3872 1378 3940 fedissime¹⁰
1390 3873 1513 3939 lotricis
1528 3872 1611 3937 sedis
1626 3873 1837 3955 amplexibus

522 4006 532 4040 ¹
549 4006 785 4079 expendidissent
804 4010 836 4063 B.
1063 4007 1075 4041 ²
1095 4011 1151 4065 Set.
1172 4012 1205 4066 B.
1552 4006 1563 4039 ³
1581 4018 1768 4079 preterquam.
1786 4010 1819 4063 B.

520 4094 533 4126 ⁴
551 4095 658 4152 ceteris.
679 4098 711 4152 C.
888 4094 971 4152 ⁸om.
992 4099 1024 4152 B.
1166 4095 1178 4129 ⁸
1195 4097 1324 4155 libertati.
1343 4102 1375 4155 B.
1538 4093 1550 4128 ⁷
1570 4095 1725 4168 Hyspanie.
1746 4097 1777 4152 C.

520 4182 532 4214 ⁸
549 4200 625 4238 anue
636 4183 811 4256 duracienrt]
824 4183 936 4240 altered
944 4191 972 4241 to
984 4201 1060 4241 anno
1072 4202 1128 4240 uno
1140 4184 1280 4242 durature.
1300 4189 1333 4244 C.
1459 4184 1471 4218 ⁰
1488 4184 1598 4240 altered
1606 4191 1635 4240 to
1647 4201 1730 4239 anno.
1751 4186 1783 4239 C.

520 4268 544 4304 ¹⁰
560 4271 664 4328 erased
684 4273 716 4329 C.
929 4272 948 4307 ¹¹
969 4273 1145 4330 Dancastrie.
1166 4275 1199 4330 C.
