4282 4890
459 281 501 344 60
902 289 1147 346 CHRONICON
1168 290 1373 347 GALFRIDI

1293 394 1306 429 ²

283 487 558 598 annastwffl'ri
575 504 694 570 magna
710 497 852 564 caterva,
868 488 924 569 qui
942 489 1090 552 animum
1108 412 1348 555 commis
1371 490 1553 555 Brabancie
1576 491 1608 553 in
1628 488 1809 555 amiciciam

1122 559 1202 578 ⁸—-

459 609 544 692 regis
559 608 683 691 Anglie
698 618 812 673 contra
828 629 942 672 omnes
958 607 1056 674 suos1
1072 610 1222 675 inimicos
1240 631 1432 676 conversum
1451 613 1665 678 confirmavit.
1701 631 1725 687 γ

547 730 678 795 Eodem
694 750 824 813 quoque
840 751 925 795 anno
941 731 1069 813 scripsit
1090 729 1200 795 literas
1213 733 1433 815 expositoriae
1452 735 1547 798 inicia
1565 732 1812 797 inimiciciarum

285 851 397 929 memish
460 851 544 915 inter
564 852 673 934 ipsum
693 861 727 915 et
746 852 913 915 tirannum
938 850 1074 915 Francie
1094 863 1287 917 exortarum
1309 855 1512 918 continentes
1522 853 1546 932 ²,
1565 875 1648 937 quas
1663 853 1813 918 Waltero

284 933 387 983 pnnoen
460 971 491 1035 le
510 972 632 1055 Magne
644 973 666 1048 ³,
682 972 777 1036 militi
797 993 856 1037 suo
875 970 973 1049 fideli
989 971 1264 1069 BUJQQ
1276 975 1412 1038 tradidit
1430 974 1622 1040 deserendas
1638 974 1812 1040 comitibus

460 1093 645 1170 Hannonie,
670 1091 788 1170 Gelrie,
810 1104 843 1157 et
868 1091 1062 1171 Iuliacensi;
1085 1094 1142 1176 qui
1165 1114 1279 1158 omnes
1298 1095 1482 1159 amiciciam
1504 1106 1537 1159 et
1561 1106 1675 1160 contra
1699 1115 1813 1160 omnes

461 1212 599 1278 iniustos
612 1234 690 1279 suos
704 1213 908 1279 adversarios
924 1212 1117 1277 fidelitatem
1140 1215 1207 1297 regi
1227 1236 1285 1297 per
1302 1236 1416 1280 eorum
1432 1216 1542 1281 literas
1558 1226 1708 1299 patentes
1724 1236 1813 1281 com-

312 1347 416 1401 nuot.
462 1335 690 1417 promiserunt.
737 1333 886 1398 Prelatus
900 1332 1067 1398 Walterus
1084 1332 1136 1398 le⁴
1159 1334 1281 1417 Magne
1291 1333 1312 1413 ³,
1328 1358 1389 1419 pro
1400 1346 1549 1420 tempore
1564 1357 1622 1400 sue
1637 1336 1813 1418 legacionis

287 1415 433 1545 mpla
461 1455 684 1520 vindicaturus
712 1455 903 1538 sanguinem
933 1456 1075 1519 duorum
1102 1453 1331 1537 Anglicorum‚
1355 1477 1438 1539 quos
1464 1458 1647 1540 quesituros
1677 1456 1815 1520 navibus

285 1546 419 1676 ἓξὲξ
462 1597 565 1659 aquas
580 1586 725 1640 recentes
741 1576 892 1658 indigene
903 1575 1071 1639 cuiusdam
1085 1575 1188 1639 insule
1203 1576 1297 1639 iuxta
1314 1576 1504 1641 Flandriam
1519 1597 1664 1655 necuere,
1679 1575 1814 1640 omnes⁶

287 1677 411 1767 Q·
462 1717 545 1779 quos
561 1696 684 1760 invenit
700 1696 732 1758 in
747 1697 863 1759 eadem
880 1695 1008 1759 insula⁰
1027 1696 1119 1760 iussit
1135 1696 1167 1758 in
1184 1716 1240 1760 ore
1254 1695 1356 1778 gladii
1371 1697 1549 1777 trucidari3
1574 1699 1663 1780 quod
1682 1696 1814 1760 effectu-

288 1830 344 1881 The
355 1840 430 1882 count
463 1815 558 1880 aliter
585 1815 645 1879 fuit
674 1816 856 1899 impletum,
879 1816 951 1898 ipso
974 1826 1141 1898 prestante
1151 1814 1172 1876 ⁷.
1220 1817 1349 1880 Ibidem
1376 1817 1479 1882 eciam
1506 1818 1593 1901 cepit
1619 1835 1814 1900 germanum

288 1895 445 1947 osFlanders’
542 1936 576 1950 ..
744 1936 751 1951 .
1111 1938 1117 1950 .
1180 1937 1222 1950 ..
1567 1938 1573 1952 .
1732 1937 1739 1951 .

287 1961 389 2012 brother
464 1945 594 2002 comrtrs
618 1935 780 2014 Flandrre,
802 1957 901 2020 quem
927 1958 986 2000 rex
1013 1935 1138 2019 Anglre
1160 1937 1223 2000 srbr
1252 1939 1443 2014 adductum,
1470 1935 1591 2022 pulcris
1615 1938 1814 2029 muneribus,

288 2027 416 2078 uwel·
464 2059 566 2139 equis,
581 2067 614 2120 et
631 2057 788 2143 localibus
803 2057 1011 2134 honoratum,
1027 2056 1055 2119 F
1058 2058 1217 2122 landriam
1233 2060 1356 2123 remisit
1372 2079 1448 2123 cum
1467 2059 1628 2123 libertate.

289 2206 345 2258 The
356 2221 424 2273 pope
554 2177 692 2243 Iniciata
707 2198 765 2260 per
781 2179 916 2242 modum
933 2178 1134 2261 descriptum
1152 2176 1279 2243 Gallica
1294 2200 1420 2262 guerra,
1442 2188 1475 2243 et
1491 2175 1608 2244 deinde
1630 2179 1815 2243 rumoribus

288 2272 446 2389 mm
464 2299 508 2363 ad
523 2300 646 2363 curiam
663 2299 852 2364 Romanam
866 2298 1041 2376 ventilatis,
1064 2300 1217 2363 dominus
1240 2321 1328 2383 papa
1347 2301 1436 2364 misit
1459 2301 1541 2365 duos
1558 2297 1739 2364 cardinales
1754 2320 1815 2382 pro

346 2402 407 2454 land
417 2410 445 2453 to
607 2419 623 2482 s
736 2421 758 2485 d
806 2421 813 2434 ·
1078 2420 1085 2434 ·
1458 2398 1504 2434 ‘-

289 2403 404 2520 fflte·
464 2438 546 2503 pace
572 2440 607 2484 re
620 2441 735 2484 orman
760 2442 779 2486 a
805 2430 887 2484 mter
909 2440 1009 2503 reges,
1030 2440 1086 2502 qu1
1113 2422 1202 2503 apud
1232 2419 1561 2485 Westmonastenum
1591 2429 1815 2504 exposuerunt

290 2560 576 2613 A.u.1aaa.coram
599 2562 675 2625 rege
697 2561 829 2606 causam
849 2543 900 2606 sui
917 2544 1087 2607 adventus·
1133 2541 1273 2607 Proinde
1292 2534 1452 2606 concilio⁸
1473 2542 1558 2624 regis
1578 2551 1760 2606 convocato
1783 2541 1816 2603 in

289 2626 419 2743 fflpprd’s
466 2662 631 2727 crastin0⁹
647 2662 884 2728 Purificationis
899 2662 1044 2746 Virginis
1059 2662 1210 2746 gloriose,
1226 2672 1301 2746 post
1318 2682 1489 2745 procerum
1504 2661 1689 2726 consultum
1700 2659 1736 2738 ¹⁰,
1756 2682 1816 2724 rex

465 2781 684 2848 cardinalibus
700 2783 839 2848 finaliter
854 2785 1022 2867 respondit
1038 2785 1137 2867 quod,
1155 2783 1306 2867 quamvis
1321 2784 1428 2865 ipsum
1444 2782 1529 2847 ultra
1545 2784 1680 2847 modum
1696 2803 1816 2865 angus·

276 2928 280 2949 =
307 2957 316 2981 ,
372 2922 405 2969 r‘
465 2903 585 2967 tiatum
597 2903 775 3027 affecerunt
786 2913 819 2968 et
826 2902 850 2941 ¹¹
865 2905 928 2969 sibi
940 2906 1137 2988 denegatum
1151 2906 1200 2968 ius
1213 2924 1396 2978 commune,
1409 2924 1476 2986 quo
1488 2904 1622 2967 deberet
1635 2903 1667 2966 in
1680 2923 1816 2983 regnum

466 3025 592 3089 avitum
608 3027 790 3103 succedere,
805 3035 838 3089 et
854 3025 1028 3090 crudelitas
1043 3046 1143 3108 quam
1162 3045 1238 3089 suus
1253 3024 1458 3089 adversarius
1474 3023 1647 3106 Philippus
1662 3024 1704 3087 de
1718 3021 1817 3086 Vale·

466 3145 517 3210 sio
544 3145 691 3209 exercuit
717 3147 750 3209 in
774 3144 943 3228 Anglicos,
968 3145 1057 3228 ipsos
1081 3147 1257 3231 dumtaxat
1280 3145 1323 3208 de
1352 3164 1453 3226 regno
1477 3143 1623 3221 Francie‚
1645 3151 1816 3225 tamquam

469 3265 590 3349 Iudeos
611 3274 668 3330 aut
687 3265 836 3330 inimicos
852 3265 985 3341 Christi,
1008 3266 1215 3349 expellendo,
1232 3265 1437 3342 trucidando,
1451 3263 1635 3347 spoliando,
1658 3272 1691 3326 et
1714 3263 1817 3326 incar-

467 3348 929 3478 cffium
944 3386 1150 3470 Aquitannie
1164 3397 1197 3450 et
1216 3386 1411 3450 comitatum
1435 3383 1583 3449 Pontivie
1606 3384 1724 3447 iniuste
1749 3384 1817 3447 sine

467 3527 566 3572 causa
596 3506 783 3586 auferendo,
812 3518 846 3571 et
877 3509 1007 3592 insuper
1038 3506 1159 3573 Scotos
1188 3528 1264 3572 suos
1297 3503 1434 3570 rebelles
1466 3504 1585 3582 favore,
1614 3504 1752 3569 concilio
1784 3513 1817 3567 et

468 3627 595 3694 auxilio
624 3639 739 3694 contra
769 3629 877 3712 ipsum
907 3628 1121 3708 confovendo,
1158 3639 1270 3693 tamen
1301 3627 1375 3711 paci
1408 3625 1544 3691 ecclesie
1575 3634 1609 3689 et
1642 3645 1817 3708 regnorum

467 3751 608 3816 libenter
631 3752 914 3817 condescenderet.
961 3750 1092 3835 Optulit
1115 3750 1167 3816 his
1190 3750 1313 3814 iniuriis
1339 3748 1565 3814 condonandis
1590 3746 1818 3824 cardinalibus,

503 3984 514 4018 ¹
532 4003 627 4042 omnes
637 3987 714 4052 suos]
728 3986 898 4057 transposed.
919 3989 950 4040 B.
1069 3984 1151 4040 ὀνκ.
1169 3987 1203 4041 Β.
1321 3982 1332 4015 ³
1352 3986 1473 4040 Mawne.
1493 3983 1524 4038 C.
1650 3979 1661 4011 ⁴
1679 3978 1724 4036 de.
1743 3982 1775 4035 B.

502 4073 514 4106 ⁸
532 4085 681 4146 propterea
692 4073 786 4142 added
793 4075 827 4145 by
838 4073 958 4130 another
966 4073 1049 4129 hand
1056 4075 1147 4145 besore
1157 4090 1263 4129 omnes.
1283 4074 1315 4129 C.
1528 4068 1539 4100 ⁰
1557 4085 1610 4123 om.
1630 4069 1661 4123 C.

502 4161 514 4195 l
531 4173 673 4234 preeunte.
692 4164 724 4217 B.
1078 4160 1264 4217 “concilium
1284 4162 1317 4216 B.
1529 4155 1719 4212 ⁰crastinum.
1738 4156 1771 4211 B.

504 4248 526 4284 ¹⁰
543 4251 579 4308 de
591 4267 738 4322 procerum
751 4249 876 4320 concilio,
890 4268 959 4307 over
969 4267 1105 4306 erasures.
1125 4251 1158 4305 C.
1300 4247 1321 4281 ¹¹
1339 4265 1392 4303 om.
1412 4249 1464 4315 B.;
1482 4244 1642 4301 interlr'ned.
1661 4244 1693 4299 C.
