4282 4890
636 282 692 336 LE
713 281 859 337 BAKER
881 282 941 338 DE
962 283 988 337 S
993 283 1032 337 W
1037 281 1272 339 VNEBROKE.
1592 294 1633 360 93

281 480 465 545 dominium
485 481 528 546 de
543 480 639 546 Merk
659 493 692 547 et
714 483 756 547 de
777 483 852 566 Oye
872 503 946 547 cum
963 484 1134 548 territoriis
1149 484 1208 548 eiis
1227 482 1472 569 pertinentibus,
1487 505 1546 568 per
1564 504 1633 549 car·
1651 491 1807 543 All-184⁷·

281 584 408 650 dinales
422 596 455 650 et
472 587 624 650 dominos
643 587 811 670 utriusque
826 588 955 653 concilii
975 585 1184 653 limitandis¹.

368 689 482 768 ‘Item‚
506 691 539 754 in
565 691 688 774 treugis
713 691 780 755 sint
804 691 1039 775 comprehensa
1063 693 1175 757 omnia
1201 713 1265 775 que
1291 713 1350 756 rex
1374 690 1497 775 Anglie
1522 701 1555 757 et
1581 691 1632 757 sui

279 793 404 858 subditi
418 795 546 878 sibique
560 796 793 861 coadiuvantes
812 806 845 860 et
861 797 1031 861 aderentes
1048 806 1160 862 tenent
1177 797 1209 860 in
1224 796 1397 873 Vasconia,
1412 796 1445 859 in
1464 796 1632 879 Peragors,

281 896 452 979 Lymosin,
480 898 634 976 Caorsen,
659 899 827 983 Ageneys,
854 900 992 983 Peytou,
1019 899 1219 984 Sentounge,
1246 910 1279 964 et
1304 910 1445 985 tangunt
1474 902 1632 965 ducatum

281 999 430 1084 Gyenne.
474 1002 570 1080 Item,
592 1004 704 1069 omnia
725 1025 838 1069 eorum
860 1003 914 1069 vel
935 1005 979 1070 ab
1001 1005 1059 1069 eiis
1082 1005 1215 1070 detenta
1238 1005 1269 1068 in
1298 1004 1467 1068 Britannia
1492 1015 1525 1068 et
1549 1004 1631 1068 Bur·

278 1107 412 1188 gundia,
435 1118 468 1172 et
493 1108 605 1173 omnia
631 1107 697 1172 alia
719 1109 917 1192 ubicumque
939 1109 1070 1186 situata,
1092 1119 1126 1173 et
1148 1109 1259 1175 omnia
1281 1108 1503 1218 villelpredia,
1525 1119 1633 1174 castra
1659 1141 1784 1181 maa
1800 1150 1839 1187 ,s
1860 1143 1877 1186 3

278 1221 313 1274 et
328 1211 457 1289 ca'talla,
473 1232 612 1294 quorum
630 1212 919 1296 impresenciarum
934 1213 1061 1277 habent
1075 1214 1306 1297 possessiones.
1414 1195 1490 1220 β

366 1315 479 1395 ‘Item,
505 1317 609 1382 securi
634 1318 699 1381 sint
725 1339 784 1401 per
805 1316 910 1382 dictas
932 1328 1065 1401 treugas
1088 1338 1147 1381 rex
1172 1316 1324 1394 Castelle,
1346 1317 1417 1381 dux
1441 1315 1632 1395 Brabancie,

278 1418 350 1482 dux
375 1418 492 1499 Gelrie,
512 1432 545 1485 et
566 1421 712 1487 marchio
734 1419 931 1499 Iuliacensis,
953 1423 1108 1486 dominus
1130 1421 1293 1486 Iohannes
1314 1423 1358 1486 de
1381 1420 1525 1487 Chalons
1549 1421 1631 1485 Bur·
1881 1496 1884 1501 Ι

277 1524 499 1606 gundinensis,
520 1545 632 1590 comes
654 1526 696 1590 de
719 1524 818 1590 Novo
840 1535 956 1603 castro,
979 1526 1135 1592 dominus
1156 1527 1200 1591 de
1224 1526 1368 1609 Facony,
1384 1526 1566 1591 vicecomes
1588 1527 1630 1591 de
1660 1462 1694 1604 q
1702 1468 1965 1637 WWI'M]

155 1668 162 1681 ·
280 1625 390 1722 ῑζξίῃζ,
412 1629 565 1694 dominus
588 1628 753 1694 Iohannes
780 1630 1013 1713 Daspremont‚
1035 1630 1190 1694 dominus
1217 1629 1385 1694 Robertus
1410 1630 1452 1694 de
1477 1629 1630 1708 Nemurs,

278 1731 432 1796 dominus
459 1733 620 1798 Henricus
645 1735 689 1798 de
714 1733 904 1811 Flaundrcs,
928 1743 962 1799 et
988 1733 1131 1818 populus
1156 1733 1319 1812 Flandrie,
1342 1743 1375 1798 et
1397 1733 1505 1817 patria
1530 1735 1572 1799 de
1598 1734 1630 1799 la

278 1834 378 1914 Bene,
400 1847 433 1901 et
455 1857 535 1920 gens
557 1837 719 1924 liatnonie.
766 1838 861 1916 Item,
876 1838 1030 1905 dominus
1049 1840 1092 1903 de
1110 1837 1248 1903 Libreto
1264 1839 1296 1902 in
1314 1836 1488 1903 Vasconia.
1534 1838 1630 1917 Item,

278 1938 371 2004 heres
398 1941 522 2006 domini
550 1922 706 2008 Iohanffls
736 1943 779 2007 de
803 1942 981 2021 Britannia,
1004 1944 1165 2037 nadgeres
1190 1963 1301 2009 comes
1326 1943 1370 2008 de
1401 1942 1571 2008 Montsord
1595 1953 1630 2007 et
1690 1956 1736 2004 ox
1872 1948 1879 1959 “
1899 1954 1908 1977 ,·

277 2046 348 2109 dux
380 2044 556 2122 Britannie,
585 2047 721 2111 domina
754 2048 796 2111 de
830 2046 991 2124 Clissoun‚
1020 2047 1174 2112 dominus
1207 2045 1406 2131 Radulphus
1437 2048 1480 2111 de
1513 2046 1629 2131 Clours.
1722 2080 1726 2085 -
1759 1990 2039 2187 (Usu-J&

278 2148 395 2214 Eciam
420 2150 603 2228 Ianuenses,
620 2161 653 2215 et
676 2171 790 2217 omnes
811 2151 868 2216 alii
886 2151 1019 2229 subditi,
1037 2151 1158 2230 affines,
1173 2153 1382 2217 coadiutores
1403 2161 1436 2214 et
1458 2152 1629 2215 aderentes

276 2254 412 2320 domino
428 2255 496 2338 regi
512 2254 644 2338 Anglie,
660 2255 894 2338 cuiuscumque
908 2255 1109 2321 condicionis
1124 2276 1181 2320 seu
1197 2256 1342 2322 nacionis
1357 2254 1537 2319 extiterint.

364 2358 441 2422 ‘Ex
459 2361 607 2437 adverso,
625 2381 686 2443 pro
709 2371 802 2444 parte
825 2361 910 2442 regis
930 2359 1077 2436 Francie‚
1092 2358 1319 2444 comprehensi
1335 2359 1399 2422 sint
1415 2379 1473 2442 per
1495 2369 1628 2442 treugas

276 2463 472 2528 securitandi
502 2485 616 2529 omnes
647 2463 740 2529 Scoti
770 2475 802 2528 et
827 2474 901 2528 tota
930 2465 1039 2547 patria
1066 2461 1192 2529 Scocie.
1248 2462 1344 2539 Item,
1368 2482 1460 2545 reges
1488 2461 1627 2546 Ispanie,

276 2564 423 2644 Boemie,
451 2577 484 2631 et
515 2566 710 2650 Arrogonie.
765 2566 860 2645 Item,
885 2569 986 2632 duces
1013 2567 1196 2632 Brabancie
1224 2577 1259 2631 et
1285 2564 1404 2643 Gelrie,
1431 2576 1464 2630 et
1490 2566 1629 2631 duxissa

275 2668 469 2754 Lotoringie
489 2691 564 2735 cum
587 2670 663 2734 filiis
684 2670 759 2749 suis,
781 2681 814 2735 et
837 2670 1003 2737 comitissa
1025 2673 1068 2736 de
1091 2669 1157 2735 Bar
1179 2691 1254 2736 cum
1277 2671 1387 2755 pueris
1409 2670 1486 2734 suis.
1532 2670 1627 2748 Item,

275 2773 429 2838 dominus
446 2773 607 2840 Iohannes
627 2774 669 2839 de
690 2775 833 2840 Henaud
853 2786 886 2839 et
903 2775 1012 2869 patria
1032 2774 1266 2875 Qteie,
1281 2795 1391 2840 comes
1412 2775 1454 2838 de
1473 2773 1627 2852 Nemurs,

275 2878 429 2943 dominus
459 2878 656 2944 Ludowicus
690 2881 732 2945 de
763 2872 931 2956 Nemurs,
944 2880 1119 2963 episcopus
1148 2880 1191 2943 de
1221 2878 1349 2961 Lieges,
1379 2878 1564 2957 Ianuenses,
1593 2888 1627 2943 et

273 3004 389 3050 omnes
407 2983 462 3048 alii
476 2983 692 3061 coadiutores,
707 2984 829 3062 affines,
843 2994 877 3048 et
892 2985 1063 3049 aderentes
1079 2983 1227 3067 predicto
1243 2984 1311 3068 regi
1328 2982 1539 3048 Francorum.

217 3145 232 3158 .
361 3089 540 3166 ‘Preterea,
555 3109 664 3154 comes
681 3088 709 3151 F
710 3088 835 3153 landrie
854 3087 1039 3173 specialiter
1058 3089 1101 3152 sit
1120 3087 1287 3172 obligatus
1307 3108 1365 3172 per
1385 3098 1625 3153 sacramentum

274 3192 448 3258 iuramenti
471 3195 514 3259 ad
536 3164 870 3276 tffiffigas
893 3193 972 3259 istas
994 3201 1027 3257 et
1049 3213 1162 3257 earum
1185 3193 1298 3257 omnia
1322 3202 1453 3276 puncta,
1475 3203 1509 3256 et
1535 3194 1626 3274 quod

273 3318 333 3364 nec
356 3320 414 3382 per
434 3297 526 3361 illum
546 3318 605 3362 nec
625 3297 768 3380 aliquem
788 3297 889 3363 alium
910 3297 1042 3363 nomine
1064 3317 1125 3361 suo
1144 3297 1355 3363 suscitabitur
1373 3316 1491 3379 guerra
1513 3306 1628 3363 contra

273 3401 463 3467 Flandriam
482 3423 539 3467 seu
556 3401 770 3467 Flandrenses
786 3423 846 3486 pro
860 3411 1010 3486 tempore
1024 3410 1224 3484 treugarum.

360 3505 475 3585 ‘Item,
504 3527 618 3572 omnes
648 3527 798 3590 proceres
827 3517 860 3571 et
891 3505 1046 3590 capitanii
1075 3525 1192 3589 guerre
1219 3504 1387 3569 Britannie
1412 3526 1457 3570 cx
1487 3516 1626 3587 utraque

272 3620 366 3693 parte
388 3610 453 3675 sint
475 3610 572 3675 iurati
595 3611 639 3675 ad
661 3611 839 3675 tenendum
861 3620 995 3693 treugas
1017 3610 1107 3675 istas.

359 3714 474 3794 ‘Item,
488 3724 601 3779 neuter
616 3735 729 3798 regum
750 3734 811 3799 pro
826 3725 975 3799 tempore
995 3725 1184 3798 treugamm
1206 3712 1341 3778 intrabit
1360 3711 1523 3777 hostiliter
1542 3712 1624 3777 alte·

272 3817 340 3882 rius
353 3828 484 3897 terram,
501 3838 561 3884 nec
579 3838 690 3884 comes
705 3819 733 3882 F
734 3818 915 3885 landrensis
930 3829 1052 3884 terram
1068 3817 1234 3883 Flandrie.

359 3922 473 3999 ‘Item,
497 3943 604 4006 neque
633 3945 692 3988 rex
724 3924 861 3989 Francie
890 3944 950 3990 nec
979 3923 1098 4007 aliquis
1127 3922 1211 3986 alius
1240 3919 1373 3987 nomine
1398 3942 1458 3985 suo
1487 3918 1623 3984 habebit

271 4035 449 4091 tractatum
465 4027 630 4093 occultum
645 4049 703 4093 scu
719 4029 927 4106 manifestum
948 4049 1023 4094 cum
1045 4026 1300 4092 Flandrensibus
1314 4026 1366 4089 vel
1381 4024 1465 4089 alico
1484 4024 1622 4088 istomm

272 4131 304 4195 in
321 4130 538 4216 irrupcionem
553 4152 610 4198 seu
625 4135 915 4201 contrariacionem
935 4155 992 4198 seu
1008 4132 1143 4215 aliquod
1163 4129 1378 4216 preiudicium
1398 4127 1624 4194 submissionis

822 4277 832 4311 ¹
850 4277 1019 4335 limitandos.
1039 4278 1072 4333 B.
