4282 4890
486 296 526 366 γα
929 288 1175 348 crinorvrcorv
1194 288 1401 348 osanam!

307 496 463 549 mmo·
484 493 592 577 ipsum
611 512 672 577 pro
687 501 765 557 tunc
780 491 873 575 sequi
887 490 1102 557 voluntatem.
1148 491 1280 576 Treuga
1299 493 1397 576 igitur
1415 502 1514 578 capta
1533 503 1567 560 et
1582 495 1712 563 obsidio
1727 497 1836 563 soluta

338 589 438 602 —
483 614 561 724 solis
576 613 726 698 Anglicis
744 623 777 678 et
799 612 1057 678 Flandrensibus
1075 621 1109 678 et
1127 612 1199 676 aliis
1220 614 1334 697 paucis
1351 615 1571 698 stipendiariis
1589 617 1834 701 displicuerunt.
1850 604 1901 735 J

309 725 417 778 nami
570 729 647 794 Rex
677 729 776 813 igitur
805 730 848 795 ad
887 728 1077 793 Flandriam
1110 749 1257 793 reversus
1285 730 1374 794 venit
1411 729 1608 796 Gandavum
1640 736 1684 799 ad
1716 734 1835 799 festum

308 802 404 911 ἓξὲξ
414 801 442 844 to
482 852 586 916 sancti
603 850 784 929 Michaelis,
807 849 863 914 ubi
882 849 940 916 diu
961 849 1151 933 expectavit
1171 859 1286 934 treuge
1305 850 1591 919 confirmacionem
1607 863 1641 918 et
1662 856 1834 949 pecuniam

123 1038 179 1074 ,a
305 966 419 1096 ἑξιῗᾶ·
482 970 680 1069 adfuturam,
721 992 761 1035 ue
783 991 849 1035 non
871 971 970 1035 venit.
1016 970 1147 1049 Postea,
1163 971 1357 1054 putantibus
1372 973 1526 1037 omnibus
1541 972 1692 1057 Anglicis
1714 997 1835 1060 expec-

108 1062 204 1123 'ffi‘
307 1106 430 1209 coureng
481 1095 628 1159 tantibus
661 1094 694 1158 in
724 1092 886 1158 Gandavo
918 1080 1104 1175 cum‘iege
1129 1090 1238 1174 ipsum
1265 1092 1389 1157 ibidem
1419 1095 1462 1158 ad
1495 1093 1615 1159 festum
1641 1095 1835 1163 Natiuitatis

294 1163 433 1305 ffi
482 1212 604 1278 Christi
626 1223 890 1298 expectaturum,
909 1233 974 1277 una
989 1213 1119 1277 dierum
1141 1232 1201 1275 rex
1219 1233 1295 1278 cum
1311 1222 1388 1278 octo
1404 1214 1446 1278 de
1460 1213 1536 1292 suis,
1553 1214 1680 1298 fingens
1697 1238 1733 1281 se
1750 1217 1835 1283 velle

64 1349 100 1460 l‘o
118 1340 209 1439 ml„
238 1380 312 1435 „w
327 1396 345 1426 c„
362 1338 431 1424 133
480 1335 628 1413 saciari,
670 1335 821 1418 equitans
864 1342 999 1411 secreto,
1044 1332 1206 1416 nullisque
1247 1332 1461 1398 familiaribus
1503 1338 1705 1419 premunitis,
1745 1341 1835 1405 venit

177 1458 331 1537 mli-²²
354 1454 394 1523 u(
480 1453 702 1556 selandiam1,
725 1456 781 1520 ubi
805 1465 903 1521 nacto
921 1454 1061 1537 navigio,
1088 1464 1164 1538 post
1188 1454 1288 1518 trium
1317 1455 1444 1520 dierum
1473 1465 1507 1520 et
1530 1457 1670 1523 totidem
1687 1460 1833 1525 noctium
1952 1498 2108 1597 W

67 1544 172 1632 aiunl
197 1546 326 1638 ceola-⁶
343 1593 420 1643 iou?
478 1578 735 1663 navigacionem,
758 1578 790 1641 in
817 1587 913 1642 nocte
942 1575 1047 1640 sancti
1076 1574 1325 1673 Andree'circa
1356 1576 1570 1683 gqallicntum
1594 1579 1711 1643 turrim
1741 1581 1831 1647 Lon·
1856 1497 1957 1669 ’1ρί

149 1715 160 1766 t
480 1701 653 1766 doniarum
684 1719 743 1782 per
772 1716 895 1781 aquam
926 1695 1068 1773 intravit,
1095 1695 1202 1778 ipsum
1229 1695 1463 1762 comitantibus
1492 1698 1614 1764 comite
1640 1699 1832 1786 Norhamp-

1927 1775 1932 1783 ι

1927 1788 1930 1799 Ι

479 1822 568 1888 tonie
585 1831 618 1884 et
641 1819 777 1886 domino
798 1818 964 1885 Nicholao
984 1819 1026 1884 de
1045 1816 1233 1901 Cantilupo,
1256 1817 1442 1902 Reginaldo
1463 1820 1506 1885 de
1527 1820 1690 1900 Cobham,
1710 1823 1832 1915 Egidio
1867 1760 1988 1885 loli-i

479 1941 521 2006 de
552 1940 645 2005 Bello
667 1961 795 2023 campo,
828 1939 976 2004 Iohanne
1004 1936 1048 2004 de
1071 1936 1165 2004 Bello
1199 1959 1327 2022 campo,
1351 1940 1517 2019 militibus,
1538 1951 1572 2006 et
1595 1909 1831 2008 Willelmode

481 2061 647 2145 Kyllesby
667 2070 700 2125 et
720 2060 874 2144 Philippo
894 2062 936 2125 de
954 2059 1120 2137 Westone,
1139 2058 1272 2125 clericis.
1318 2059 1441 2125 Statim
1465 2063 1497 2126 in
1520 2082 1637 2128 aurora
1660 2064 1748 2127 misit
1771 2084 1832 2127 rex

304 2196 427 2248 Removal
479 2204 539 2266 pro
561 2181 763 2259 cancellario,
779 2181 967 2259 tesaurario‚
986 2191 1019 2246 et
1043 2181 1225 2246 iusticiariis
1247 2190 1324 2246 tunc
1348 2181 1530 2248 Londoniis
1551 2183 1778 2261 existentibus,
1795 2196 1829 2249 et

478 2304 591 2369 statim
605 2305 796 2388 episcopum
814 2302 1050 2368 cicestrensem
1065 2302 1247 2369 cancellarii
1264 2303 1424 2386 dignitate
1439 2314 1472 2368 et
1490 2305 1681 2388 episcopum
1699 2305 1827 2371 Coven·
1898 2303 2115 2429 (Dp-Q

307 2265 339 2315 ol
347 2261 452 2315 officials

478 2435 620 2490 trensem
643 2424 686 2490 ab
708 2423 816 2490 officio
838 2424 1016 2489 tesaurarie
1034 2423 1204 2489 absolutos
1221 2423 1325 2489 voluit
1349 2424 1474 2488 misisse
1496 2425 1530 2488 in
1552 2424 1743 2491 Flandriam
1766 2426 1828 2491 im·
1922 2460 1970 2525 n,
1987 2422 2137 2509 ,titas

158 2485 332 2867 †
478 2546 701 2631 pignorandos
719 2566 780 2628 pro
796 2544 952 2628 pecunia3
971 2553 1020 2608 set
1040 2541 1252 2609 Cicestrensis
1267 2545 1421 2628 exposuit
1436 2545 1498 2617 sibi
1514 2555 1547 2609 et
1566 2546 1633 2610 suis
1641 2546 1842 2660 Q
1925 2500 1930 2531 l
2007 2612 2017 2621 ,
2045 2588 2120 2644 ‘a‘

190 2668 196 2675 “
290 2692 294 2696 ·
325 2639 334 2745 ,’
349 2668 420 2767 (μὶ
478 2665 688 2778 Qui
704 2664 854 2729 imminet
872 2665 1047 2749 episcopos
1066 2664 1350 2742 incarcerantibus,
1370 2675 1403 2728 et
1424 2665 1470 2730 sic
1489 2664 1579 2749 ipsos
1600 2666 1718 2730 turrim
1740 2667 1832 2731 exire
1983 2658 1994 2714 ἒ

90 2728 171 2893 Ca
190 2826 210 2877 p
258 2802 266 2849 t
303 2772 324 2809 “
478 2787 636 2870 permisit.
683 2784 883 2851 Iusticiarios
911 2807 990 2852 vero
1025 2784 1174 2864 maiores,
1204 2784 1326 2850 scilicet
1360 2786 1532 2851 dominum
1571 2786 1751 2853 Iohannem
1789 2790 1832 2853 de
1910 2842 1991 2905 W..

480 2905 632 2985 Stonore,
662 2906 833 2972 dominum
859 2901 1073 2993 R[icardum]
1104 2907 1146 2971 de
1175 2904 1330 2988 Wyleby‚
1360 2906 1531 2971 dominum
1554 2905 1758 2971 Willelmum
1789 2910 1831 2973 de

479 3025 735 3103 Scharesheolle,
753 3036 786 3090 et
809 3026 963 3110 precipue
984 3026 1156 3092 dominum
1179 3024 1379 3092 Nicholaum
1403 3028 1444 3091 de
1467 3027 1498 3091 la
1523 3026 1640 3105 Beche,
1659 3028 1716 3110 qui
1739 3027 1830 3111 prius

479 3147 540 3211 luit
555 3156 666 3212 custos
685 3145 783 3210 turris
799 3145 1056 3224 Londoniarum,
1071 3156 1105 3212 et
1126 3146 1297 3212 dominum
1314 3145 1495 3211 Iohannem
1516 3146 1651 3230 Molyns
1671 3147 1829 3225 militem3
1917 3165 1933 3233 f,
1970 3162 1981 3203 ³·
2007 3210 2035 3231 ,Ι
2113 3125 2120 3137 ’

479 3269 568 3345 item,
591 3267 973 3383 Qdominos
1002 3268 1034 3350 J.
1060 3267 1103 3332 de
1133 3267 1302 3351 Pulteney,
1325 3266 1529 3331 Willelmum
1555 3267 1597 3331 de
1623 3266 1633 3331 l
1762 3318 1769 3345 ‚
1796 3278 1829 3333 et

480 3388 661 3455 Ricardum
678 3385 811 3453 fratrem
826 3388 914 3465 eius3
937 3398 972 3452 et
993 3386 1127 3453 clericos
1142 3386 1331 3453 cancellarie
1350 3387 1498 3465 maiores
1509 3386 1661 3453 videlicet
1677 3387 1829 3452 dominos

480 3509 662 3576 Iohannem
678 3510 720 3573 de
738 3507 863 3574 Sancto
878 3508 991 3586 Paulo,
1007 3508 1204 3573 Michaelem
1220 3509 1262 3573 de
1273 3507 1385 3605 Wath,
1397 3506 1578 3574 Henricum
1594 3509 1636 3573 de
1652 3506 1829 3586 Stratiord,

478 3641 511 3696 et
537 3631 580 3696 de
605 3629 784 3695 skakkario
809 3629 981 3694 dominum
1011 3629 1193 3695 Iohannem
1218 3630 1261 3695 de
1284 3598 1401 3713 'Ihorp
1421 3638 1456 3694 et
1478 3629 1560 3695 alios
1585 3650 1686 3713 quam
1711 3629 1829 3714 plures,

478 3752 572 3816 iussit
604 3751 740 3817 diversis
772 3751 955 3816 carceribus
986 3750 1174 3834 mancipari.
1220 3748 1292 3816 Nec
1319 3770 1377 3814 eos
1406 3749 1547 3815 absolvit
1577 3770 1748 3833 quousque
1769 3773 1829 3815 sua

480 3869 693 3939 melancolia²
730 3881 890 3955 concepta
924 3871 967 3936 de
1002 3871 1139 3956 pecunie
1176 3870 1376 3948 detencione,
1409 3872 1509 3953 qudm
1542 3871 1586 3936 ad
1623 3871 1828 3938 obsidionem

303 4055 430 4108 Denthor
478 3993 738 4059 Torneacensem
761 3993 942 4058 debuerant
965 3993 1099 4072 misisse,
1122 3992 1226 4084 suerat
1248 3992 1373 4057 sedata.

304 4125 341 4173 H.
354 4124 414 4172 Bur·
569 4113 646 4179 Hoc
678 4133 773 4192 anno,
805 4114 892 4180 circa
922 4113 1140 4179 Nativitatem
1172 4112 1318 4191 Domini,
1351 4112 1514 4179 Henricus
1542 4113 1716 4199 episcopus
1749 4112 1828 4177 Lin-

302 4187 432 4239 ΝΜ
770 4248 940 4307 ¹seranua„
960 4252 992 4306 u.
1276 4248 1481 4307 *mudena
1502 4250 1535 4305 u.
