4282 4890
500 280 541 362 76
943 286 1189 346 CHRONICON
1209 290 1414 348 GALFRIDI

322 505 479 559 annam
497 504 704 570 quocumque
732 486 875 553 feodalia
904 497 1059 566 tenerent,
1088 498 1122 554 et
1152 510 1265 554 eorum
1296 491 1430 555 nomina
1455 491 1488 556 in
1513 491 1643 578 scriptis
1672 493 1849 560 notificare.

322 595 448 714 0·AE
497 605 586 672 Aliis
621 609 725 674 eciam
758 609 1028 675 committebatur
1060 613 1150 692 quod
1188 612 1221 675 in
1250 611 1397 695 qualibet
1430 614 1537 678 schira
1569 616 1758 723 sa'ttarios
1789 637 1849 681 ex·

320 700 416 831 ffiy‘fs
496 729 672 812 periendos
687 741 914 808 convocarent,
929 731 1013 796 alios
1025 731 1128 796 eciam
1138 732 1224 797 viros
1235 743 1332 817 aptos
1348 734 1446 798 armis
1462 735 1642 800 deferendis
1658 757 1732 801 curn
1748 738 1848 803 armis

496 849 616 931 quibus
639 852 753 917 melius
775 853 893 918 scirent
914 874 951 918 se
973 854 1145 918 defendere
1167 861 1225 918 aut
1247 853 1359 920 hostes
1388 855 1550 934 invadere,
1573 869 1606 922 et
1624 859 1779 923 omnibus
1800 860 1847 925 sic

496 973 684 1037 convocatis
718 984 751 1038 et
785 975 932 1058 expertis
969 975 1066 1040 etatis
1099 974 1247 1081 legitime
1276 976 1381 1041 fuerat
1412 988 1603 1062 preceptum
1633 989 1670 1043 ut
1694 981 1847 1063 adregis

497 1090 671 1175 imperium
697 1094 804 1160 forent
827 1095 934 1180 parati
957 1116 1067 1160 secum
1090 1107 1204 1162 contra
1226 1118 1303 1161 suos
1326 1107 1358 1162 et
1382 1098 1471 1180 regni
1495 1099 1645 1166 inimicos
1663 1111 1846 1184 pugnaturn

496 1212 583 1277 ituri.
628 1215 759 1280 Eodem
783 1237 870 1281 anno
894 1217 988 1281 multi
1011 1217 1119 1284 vocati
1142 1219 1175 1281 in
1198 1219 1283 1302 regis
1306 1219 1467 1284 auxilium
1497 1231 1611 1284 contra
1634 1219 1763 1299 Scotos,
1786 1241 1847 1285 nec

319 1336 446 1453 {msi-
495 1335 602 1417 parati
625 1338 668 1401 ad
691 1339 845 1414 eundum,
867 1339 1074 1433 contulerunt
1097 1340 1261 1424 pecunias,
1284 1340 1404 1423 quibus
1426 1341 1740 1463 stipendiarios—pro
1767 1342 1846 1426 ipsis
1891 1326 1935 1398 'v'

320 1420 395 1519 nm.p
494 1457 585 1522 domi
604 1460 802 1523 remansuris
818 1479 878 1523 rex
894 1470 1007 1543 posset
1025 1461 1168 1525 vadiare.
1429 1434 1629 1461 “w-'⁸

211 1616 218 1627 ·
320 1569 473 1618 ΗΜ·
581 1578 683 1646 Anno
706 1581 844 1645 Domini
868 1580 1092 1663 M.Ccc.xlnrj.,
1108 1582 1193 1665 regis
1208 1581 1332 1666 Anglie
1355 1583 1455 1666 xviij,
1477 1584 1510 1647 in
1533 1582 1695 1649 auxilium
1718 1584 1845 1649 domini

319 1647 478 1764 {151th
495 1698 651 1764 Iohannis
662 1701 704 1764 de
715 1701 832 1765 Monte
843 1702 938 1777 forte,
950 1701 1043 1766 ducis
1053 1701 1230 1777 Britannie,
1240 1703 1331 1767 cuius
1342 1724 1428 1770 uxor
1438 1714 1471 1768 et
1484 1703 1541 1768 filii
1554 1704 1587 1768 in
1597 1705 1747 1770 custodia
1759 1694 1845 1787 regis

315 1777 441 1845 ampton’s
887 1822 895 1837 .
932 1822 940 1837 .
1234 1782 1590 1838 ”“““.““““““““““““·’
1641 1826 1648 1840 .
1773 1825 1781 1840 .

317 1846 459 1910 expedition
494 1830 691 1898 manserunt,
707 1822 836 1886 fuerunt
850 1842 940 1886 mrssr
956 1843 1066 1888 comes
1083 1823 1350 1907 Norhamptonre
1364 1834 1397 1888 et
1409 1845 1519 1890 comes
1536 1825 1678 1903 Oxonoe,
1690 1827 1845 1891 dommus

318 1917 346 1960 ‘⁰
348 1911 375 2049 p
376 1912 466 2052 ‘1³37
467 1949 472 1962 '
494 1940 597 2025 Hugo
616 1942 812 2027 Despenser,
827 1943 981 2007 dominus
1003 1944 1165 2008 Ricardus
1180 1943 1333 2020 Talebot,
1350 1944 1477 2022 milites,
1493 1954 1526 2009 et
1549 1945 1702 2009 dominus
1717 1943 1844 2008 Willel·

361 2036 368 2051 ·
433 2039 440 2053 ⁶
493 2082 566 2126 mus
597 2062 773 2147 Kyllesby,
795 2063 940 2141 clericus,
963 2064 1101 2148 singulis
1123 2065 1274 2148 prefectis
1298 2065 1425 2148 magnis
1448 2066 1552 2149 copiis
1575 2075 1777 2130 armatorum
1808 2077 1842 2130 et

490 2183 744 2313 Qittariorum.
790 2184 995 2249 Britanniam
1018 2185 1129 2269 itaque
1152 2185 1297 2270 profecti,
1316 2185 1425 2250 invitis
1447 2185 1587 2250 inimicis
1610 2187 1844 2265 resistentibus,

74 2344 187 2409 „iuss
492 2314 613 2370 terram
636 2316 802 2390 ceperunt,
824 2316 858 2372 et
875 2305 996 2372 multos
1025 2306 1159 2390 asperos
1189 2305 1360 2372 conflictus
1389 2317 1504 2372 contra
1534 2307 1624 2392 ipsos
1646 2307 1841 2373 habuerunt.

176 2498 182 2519 ι
490 2426 652 2503 Tandem,
668 2428 773 2512 captis
786 2426 873 2492 villis
893 2437 962 2493 tam
986 2427 1124 2531 Q
1146 2448 1247 2511 quam
1267 2428 1506 2512 campestribus
1521 2438 1554 2493 et
1571 2427 1644 2493 aliis
1663 2429 1842 2519 fortaliciis,
1868 2457 1876 2463 ·
1909 2476 1913 2483 ·

159 2532 196 2593 .'.·
212 2582 220 2590 .
254 2560 284 2595 1-
304 2516 330 2601 lt.
340 2569 382 2599 ϊ.
402 2542 474 2615 lit,
490 2560 597 2615 castra
612 2551 653 2614 de
670 2508 796 2615 Bniske
809 2559 842 2614 et
858 2552 901 2614 de
914 2549 1058 2636 Templo
1070 2547 1261 2635 'Correntyn
1277 2571 1337 2633 per
1351 2548 1489 2614 insultus
1505 2560 1671 2633 ceperunt,
1686 2559 1720 2613 et
1735 2559 1841 2615 totam

81 2626 114 2705 J
135 2672 176 2711 ¹²·
200 2648 298 2765 ‘⁴⁵5⁰'
327 2654 415 2771 ‘'z‘sl
488 2671 630 2754 patriam
654 2673 774 2756 partim
798 2671 962 2737 redditam
986 2682 1019 2737 et
1042 2671 1162 2755 partim
1181 2673 1382 2771 dffiQm
1405 2670 1467 2735 sibi
1490 2671 1712 2736 submiserunt
1737 2693 1841 2755 usque

161 2826 199 2887 (ᾗ,
224 2826 231 2885 ¹
261 2796 329 2881 59
401 2774 407 2783 ⁶
488 2795 532 2858 ad
562 2793 675 2859 villam
699 2796 742 2858 de
983 2792 1017 2857 bi
1047 2762 1200 2859 dominus
1230 2791 1375 2858 Karolus
1405 2793 1448 2856 de
1477 2792 1580 2874 Bloys
1608 2811 1683 2857 curn
1714 2792 1840 2875 ingenti

189 2846 233 2937 ιι·-
314 2918 404 2968 Defeat
415 2918 445 2968 of
487 2917 634 2980 exercitu
651 2915 750 2980 illiso
775 2914 885 2979 viavit.
932 2914 1038 2997 Igitur
1053 2914 1086 2977 in
1107 2934 1226 2998 campo
1248 2914 1342 2977 iuxta
1361 2912 1510 2996 Morleys
1524 2912 1689 2977 exercitus
1703 2912 1840 2976 hostiles

314 2983 460 3099 {mos
486 3035 715 3114 conflixerunt,
731 3035 787 3099 ubi
803 3035 994 3099 animositas
1012 3034 1181 3117 utriusque
1195 3034 1312 3117 gentis,
1329 3033 1501 3097 Britonum
1517 3032 1678 3108 videlicet,
1695 3030 1840 3097 Gallico-

311 3113 427 3165 Mortua
487 3178 559 3222 rum
578 3167 679 3240 atque
693 3156 920 3240 Anglicorum,
929 3155 1033 3219 fuerat
1049 3165 1198 3238 experta.
1237 3155 1424 3237 Pugnatum
1441 3163 1490 3217 est
1504 3152 1631 3217 fortiter
1646 3173 1688 3216 ex
1702 3163 1839 3235 utraque

486 3289 589 3363 parte,
606 3278 654 3343 ita
677 3279 767 3360 quod
786 3277 927 3359 contigit
948 3276 981 3340 in
1001 3275 1058 3340 illo
1079 3275 1256 3340 certamine
1277 3277 1367 3358 quod
1391 3293 1450 3338 nec
1471 3274 1505 3337 in
1527 3272 1630 3350 bellis,
1648 3292 1708 3336 nec
1731 3272 1838 3354 Haly-

485 3400 638 3467 donehiel
654 3420 713 3464 nec
723 3399 766 3462 de
778 3396 886 3462 Cressi
903 3417 962 3462 nec
977 3400 1020 3462 de
1148 3417 1173 3474 s,
1182 3394 1568 3515 ΨΜ.
1596 3394 1707 3458 Duces
1719 3413 1838 3477 nempe

485 3521 643 3606 parcium,
654 3521 777 3586 scilicet
790 3519 938 3584 Karolus
952 3521 995 3585 de
1052 3541 1122 3602 oys,
1132 3518 1184 3583 cui
1201 3517 1287 3582 illius
1300 3527 1384 3582 terre
1393 3517 1530 3582 dederat
1545 3517 1702 3581 ducatum
1716 3515 1838 3581 Franc-

483 3664 578 3709 orum
601 3643 756 3718 tirannus,
771 3651 804 3706 et
820 3638 1006 3705 Willelrnus
1025 3640 1069 3705 de
1087 3640 1215 3717 Bohun,
1232 3659 1342 3703 comes
1365 3636 1640 3721 Norhamptonie,
1657 3656 1755 3718 quern
1776 3657 1837 3719 pro

482 3767 608 3831 tuendo
637 3764 706 3829 iure
737 3763 895 3828 Iohannis
924 3764 968 3828 de
998 3760 1193 3838 Mountfort,
1223 3760 1382 3824 naturalis
1411 3758 1504 3825 ducis
1535 3757 1621 3822 illius
1650 3766 1745 3834 terre,
1776 3779 1836 3822 rex

482 3886 641 3952 exercitui
678 3883 898 3968 Anglicorum
936 3883 1081 3967 prefecit,
1114 3881 1325 3948 animositate
1362 3900 1463 3964 quam
1497 3879 1682 3945 habuerunt
1718 3878 1868 3943 heroes
1922 3898 1945 3965 1,τ

482 4008 641 4093 generosi,
664 4008 777 4072 omnia
807 4005 965 4072 libencius
995 4003 1214 4089 perdidissent
1243 4024 1343 4087 quarn
1370 4001 1456 4086 turpi
1484 4000 1637 4068 vecordia
1668 4000 1835 4105 arguendi,
1863 4018 1865 4082 j

481 4151 601 4214 campo
623 4129 749 4203 relicto,
769 4138 862 4212 terga
884 4127 1098 4218 vertissent&
1125 4124 1297 4209 Pugnatur
1328 4124 1467 4208 proinde
1496 4144 1541 4188 ex
1574 4130 1710 4204 utraque
1740 4131 1835 4204 parte

482 4252 638 4331 animose,
660 4269 883 4333 necunquam
906 4249 939 4313 in
961 4258 1034 4317 tota
1053 4246 1180 4313 Gallica
1201 4267 1327 4331 guerra,
1328 4242 1845 4377 Q
