4282 4890
1710 39 2058 190 ,ffl-

657 306 713 362 LE
734 304 881 362 aaran
901 291 962 360 Da·
983 302 1293 360 sWruEBROKE.
1613 294 1654 380 89

300 504 395 571 Naso
427 505 470 572 de
509 505 721 591 Rammesey,
751 507 866 572 Adam
904 505 1111 584 Nilkessone,
1141 506 1290 571 Thomas
1328 503 1455 588 Boyde,
1487 477 1651 570 Iohannes
1671 502 1830 571 annoso:

300 625 464 710 Styward,
489 625 619 692 Alanus
654 627 818 712 Styward,
849 628 960 693 David
993 629 1036 693 de
1066 627 1098 692 la
1132 627 1242 711 Haye,
1261 625 1447 691 Edwardus
1477 628 1519 691 de
1549 626 1652 705 Keth,
1702 613 1801 626 ’-

301 747 464 813 Iohannes
485 750 529 813 de
552 746 723 827 Crauford,
747 749 911 814 Iohannes
933 751 977 815 de
999 710 1210 867 {lyndeseye
1227 747 1399 831 Philippus
1422 747 1464 812 de
1488 747 1653 825 Meldrun,
1682 681 1723 841 f

301 869 463 934 Henricus
481 869 523 936 de
539 870 715 954 Ramesey,
733 869 928 935 Alexander
948 870 1068 948 Morre,
1086 869 1286 933 Humlridus
1301 869 1343 933 de
1366 868 1467 952 Boys,
1484 867 1654 934 Gilbertus

299 988 558 1074 Ynchemartyn,
601 990 768 1056 Robertus
811 991 997 1069 Maltalent,
1037 1000 1072 1056 et
1111 1011 1189 1054 suus
1231 1009 1407 1072 germanus
1451 964 1652 1054 Humlridus
1715 953 1944 1064 fla-aest,
1928 936 2057 1064 *N

301 1109 539 1194 Kyrkcpatrik,
563 1111 727 1178 Iohannes
760 1042 1148 1197 StrffPatricius
1179 1110 1335 1192 Heringe,
1361 1110 1492 1175 milites.
1539 1110 1653 1175 Preter

300 1230 362 1295 hos
394 1231 499 1296 eciam
535 1232 567 1296 in
595 1234 773 1299 venacione
807 1233 1006 1319 fugiencium
1040 1232 1162 1296 multos
1197 1230 1387 1296 occiderunt
1422 1232 1651 1314 insequentes3
1788 1180 1867 1344 ΙΙη
1862 1189 2022 1315 ια’-Μ

301 1361 351 1416 set
385 1372 450 1416 non
484 1352 628 1439 plurium
660 1374 761 1437 quam
798 1355 930 1423 illorum
959 1365 1039 1438 toge
1074 1353 1206 1418 suerunt
1239 1353 1283 1416 de
1319 1371 1439 1436 campo
1476 1351 1651 1436 principali
1710 1237 1867 1427 ΙΙᾺἸ
1853 1323 1893 1415 Θ
1922 1378 2065 1487 W

302 1483 476 1558 reportate,
513 1484 552 1539 ut
589 1495 726 1541 numero
760 1485 914 1560 togarum
948 1496 1103 1540 numerus
1140 1483 1175 1538 et
1209 1472 1343 1537 nomina
1380 1472 1563 1540 occisorum
1602 1473 1651 1537 in·
1757 1424 1916 1556 soff*

302 1602 517 1661 notescerent.
784 1576 922 1605 ”⁶-

389 1716 481 1780 Dum
503 1716 591 1782 hec
582 1738 614 1782 ιη
633 1718 759 1803 Anglia
780 1729 946 1803 geruntur,
961 1739 1021 1783 rex
1042 1716 1166 1802 Anglie
1190 1719 1307 1785 institit
1327 1717 1492 1783 obsidioni
1512 1717 1589 1782 ville
1610 1715 1653 1781 de
1673 1735 1831 1802 Progressot

303 1833 433 1921 Caleys,
448 1858 513 1921 que
533 1839 565 1903 in
587 1840 726 1906 marisco
750 1842 898 1925 Dartoys
919 1842 1050 1918 situata,
1065 1841 1199 1924 gemino
1217 1862 1312 1906 muro
1332 1839 1557 1939 dupplicique
1567 1837 1655 1903 fossa
1671 1803 1803 1921 {iffi}

302 1958 541 2053 cQta,
573 1981 671 2045 super
703 1962 780 2027 litus
811 1963 911 2027 maris
940 1962 1076 2046 Anglici
1109 1963 1240 2048 respicit
1271 1983 1316 2027 ex
1350 1961 1507 2045 opposito
1536 1926 1653 2025 turrim

304 2079 459 2161 Dovorie,
474 2080 598 2146 habens
613 2092 757 2167 portum,
773 2084 879 2148 minas
890 2084 1058 2189 ponti-pua
1074 2104 1228 2169 spernens
1243 2084 1426 2160 securitate,
1442 2082 1498 2147 ubi
1516 2082 1655 2146 navibus
1704 2096 1798 2147 tm.

302 2200 419 2285 prebet
437 2201 621 2287 hospicium
637 2205 716 2269 satis
733 2226 894 2271 securum.
941 2206 1018 2272 Hoc
1039 2206 1177 2289 opidum
1195 2225 1271 2271 cum
1289 2225 1350 2269 suo
1372 2215 1481 2269 castro
1504 2203 1654 2268 munitis-

302 2323 389 2387 simo
411 2325 580 2406 quondam
605 2324 833 2391 Romanorum
857 2326 1010 2410 potencia
1031 2327 1164 2391 struxit
1211 2325 1390 2409 Postquam
1406 2324 1654 2440 len-QIulius
1752 2370 1786 2427 7

304 2442 406 2508 Cesar
427 2454 533 2510 totam
561 2443 705 2510 Galliam
645 2447 927 2582 xppbiugavit,
951 2445 1156 2511 Calesiam
1146 2466 1179 2510 rn
1202 2444 1340 2510 Artosia
1365 2455 1586 2581 eb&
1431 2455 1575 2511 castrum
1611 2446 1654 2510 de
1714 2388 1777 2511 affl]

305 2563 535 2648 Chapstowe
526 2586 558 2629 m
573 2524 762 2633 Venedocia
788 2577 889 2650 atque
917 2567 1035 2631 turrim
1063 2566 1247 2631 Dovorie
1238 2586 1271 2630 1n
1301 2565 1454 2668 Q
1424 2566 1656 2649 asubiugata
1743 2565 1749 2581 ⁰

220 2673 223 2681 ’
266 2702 272 2759 ·;
304 2684 484 2764 Britannia,
513 2662 896 2826 eilrlic'avi'tJDominus
929 2709 989 2753 rex
1018 2709 1079 2753 suo
1111 2687 1271 2753 exercitui
1302 2687 1406 2752 fossas
1435 2686 1564 2771 amplas
1593 2687 1655 2753 cir·

303 2808 478 2873 cumduxit
497 2818 531 2873 et
551 2807 688 2874 classem
704 2811 814 2894 portui
836 2810 956 2876 Calesii
980 2809 1124 2894 prefecit,
1142 2830 1183 2874 ne
1204 2808 1288 2873 vel
1280 2830 1312 2873 tn
1334 2830 1411 2873 suos
1431 2807 1583 2875 Gallici
1573 2830 1654 2872 rrru-

303 2940 394 2994 erent
426 2938 485 2995 aut
517 2929 659 2995 obsessis
687 2931 843 2997 victualia
871 2952 930 3017 per
966 2951 1056 2995 mare
1086 2930 1316 2996 ministrarent.
1360 2929 1489 2994 Tamen
1519 2950 1580 2994 rex
1611 2931 1654 2995 ad

304 3050 522 3116 obsidendum
537 3050 650 3116 villam
671 3072 828 3136 magnum
851 3052 1018 3143 navigium
1042 3052 1075 3116 in
1098 3052 1180 3116 mari
1198 3050 1340 3116 detinuit
1362 3072 1421 3118 nec
1442 3051 1557 3116 abesse
1579 3072 1653 3136 per·

304 3172 402 3238 misit.
446 3171 630 3239 Normanni
687 3174 769 3238 irate
799 3185 955 3258 ceperunt
987 3173 1168 3239 successive
1196 3193 1253 3237 xv.
1281 3193 1380 3237 naves
1413 3192 1549 3257 magnas
1578 3193 1654 3239 cum
1700 3234 1737 3279 L,
1817 3244 1820 3251 ,
1877 3264 1881 3271 Ι

304 3293 422 3376 parvis,
444 3312 585 3378 quarum
607 3239 689 3360 aras
710 3250 922 3361 affluxerunt
944 3296 1012 3359 suis
1035 3295 1157 3373 usibus,
1179 3303 1303 3360 ceteras
1326 3294 1456 3379 ignibus
1478 3315 1654 3378 consump·
1775 3298 1781 3321 ²

304 3422 425 3478 semnt.
471 3411 696 3498 Capiebantur
718 3416 750 3479 in
778 3416 860 3481 mari
887 3416 1042 3481 dominus
1069 3415 1267 3480 Edmundus
1292 3413 1418 3481 Haclut
1440 3426 1474 3480 et
1500 3416 1654 3481 dominus

304 3531 491 3601 Willelmus
527 3536 570 3600 de
599 3535 754 3615 Bortone,
787 3537 916 3614 milites,
948 3558 1061 3601 versus
1089 3534 1251 3620 Angliam
1285 3494 1483 3618 {afflando
1529 3534 1685 3620 Itaque,'

305 3653 479 3720 obsidione
500 3654 703 3734 confirmata,
718 3678 778 3722 rex
802 3642 940 3722 insultus
958 3657 1063 3723 noluit
1087 3656 1211 3735 inferre,
1230 3657 1335 3722 sciens
1357 3677 1433 3723 cum
1455 3657 1531 3722 altis
1555 3660 1656 3722 muris

305 3786 340 3841 et
366 3775 461 3841 fossis
485 3796 551 3841 non
581 3778 651 3843 sine
676 3778 822 3863 periculo
851 3779 1019 3844 hominem
1047 3800 1144 3864 posse
1173 3778 1340 3843 dimicare.
1385 3777 1445 3844 Set
1470 3799 1530 3844 nec
1551 3779 1656 3844 voluit

305 3907 421 3964 contra
448 3896 561 3963 villam
588 3900 756 3969 machinas
778 3900 911 3985 erigere,
935 3911 980 3979 ut,
1003 3900 1095 3966 sicud
1117 3900 1197 3965 alibi
1223 3899 1293 3964 fieri
1316 3899 1408 3977 solet,
1430 3900 1538 3966 officio
1560 3922 1656 3984 para-

185 4014 210 4079 .'
237 4010 253 4059 ¹,
306 4021 429 4117 ciprum
445 4019 529 4084 muri
549 4018 776 4105 conquassati1
794 4032 829 4087 et
849 4021 960 4087 obruti
981 4021 1138 4087 meabiles
1161 4023 1393 4099 redderentur;
1415 4042 1534 4106 nempe
1554 4022 1656 4157 dffpit

1000 4102 1135 4129 N·---·-

306 4142 557 4208 fundamentum
586 4142 619 4206 in
650 4163 718 4226 quo
751 4143 919 4210 machinas
954 4144 1157 4210 collocasset.
1213 4144 1372 4221 Preterea,
1406 4164 1507 4207 muris
1542 4164 1656 4209 eorum

634 4516 654 4539 ,
760 4444 1109 4601 past„

741 4654 1245 4732 ,Q-
