4282 4890
1819 39 2049 161 walp,

651 304 707 360 LE
728 301 875 358 BAKER
896 300 957 357 DE
978 303 1003 358 S
1009 302 1048 356 W
1052 302 1289 361 l'NEBROKE.
1601 297 1643 379 67

293 502 534 583 modernorum,
556 502 689 569 titulum
707 513 740 568 et
759 521 851 568 arma
874 500 1030 567 suorum¹
1053 502 1300 586 progenitorum
1319 502 1418 568 armis
1440 514 1474 568 et
1496 500 1644 567 nomini²
1662 499 1816 549 *mm

291 624 360 689 iure
394 636 543 690 materno
580 625 643 689 sibi
680 623 799 690 debitis
836 621 1076 688 racionabiliter
1112 622 1246 707 pretulit
1279 645 1357 688 suus
1395 624 1550 690 dominus
1583 644 1644 689 rex

291 745 490 830 Anglorum.
1685 702 1757 894 Χ

378 867 472 952 Rege
498 867 584 932 circa
610 866 747 950 negocia
768 864 950 950 prescripta
975 875 1146 948 occupato,
1169 876 1268 930 naute
1294 865 1451 950 Quinque
1474 867 1644 944 Portuum,
1663 847 1818 987 &guzh

178 1064 189 1073 η
289 989 467 1072 assumptis
488 987 640 1072 spinaciis
662 997 695 1052 et
718 987 813 1054 scafis
837 988 921 1052 bene
943 987 1086 1069 munitis,
1104 985 1171 1053 cito
1204 998 1281 1071 post
1307 988 1425 1054 festum
1444 989 1548 1055 sancti
1569 988 1645 1054 Hil·
1663 1002 1813 1068 thecuque

184 1076 189 1087 Ι
289 1102 361 1168 larii
384 1104 613 1188 applicuerunt
636 1100 917 1192 ΜΨ
918 1123 1022 1191 Q&
1035 1102 1067 1167 in
1090 1112 1239 1186 tempore
1262 1102 1422 1171 nebuloso
1445 1124 1512 1187 quo
1529 1105 1588 1170 vix
1611 1106 1643 1171 in
1663 1067 1762 1196 Q,

289 1235 389 1310 portu
412 1225 538 1290 fuerant
561 1225 717 1309 percepti,
735 1235 769 1289 et
793 1224 824 1288 in
848 1222 927 1289 villa
954 1223 1094 1288 inferiori
1118 1224 1189 1288 xix.
1208 1223 1351 1308 galiotas
1377 1235 1411 1291 et
1433 1224 1489 1308 iiij.
1506 1247 1643 1311 magnas
1662 1199 1800 1314 {22⁹2}ssss

290 1367 389 1412 naves
404 1356 437 1411 et
453 1367 512 1410 xx.
524 1346 627 1412 scasas
646 1366 720 1411 curn
739 1344 893 1410 omnibus
908 1343 975 1409 suis
993 1344 1204 1409 armamentis
1219 1346 1470 1412 combusserunt
1486 1367 1550 1412 una
1567 1367 1643 1413 cum
1662 1330 1764 1460 iffi·

289 1468 455 1533 domubus
482 1466 578 1532 iuxta
599 1486 690 1532 mare
711 1466 850 1544 situatis,
873 1466 957 1530 inter
978 1485 1061 1548 quas
1083 1474 1153 1530 erat
1175 1486 1240 1532 una
1261 1467 1381 1532 domus
1403 1487 1524 1551 magna
1546 1465 1644 1551 plena

289 1588 387 1653 remis
415 1599 449 1653 et
474 1586 564 1666 velis,
589 1588 688 1653 armis
711 1597 745 1654 et
772 1585 899 1652 balistis
926 1586 1114 1651 necessariis
1141 1608 1201 1671 pro
1228 1587 1335 1653 nautis
1362 1598 1395 1655 et
1418 1588 1644 1655 defensoribus

288 1711 404 1776 decem
425 1719 458 1775 et
480 1729 599 1774 novem
623 1708 839 1793 galeotarum.
884 1706 1045 1784 Tandem,
1068 1718 1143 1773 orto
1164 1707 1318 1774 conflictu
1343 1708 1427 1773 inter
1448 1708 1588 1774 villanos
1609 1720 1644 1774 et

151 1884 167 1911 ,
253 1848 257 1857 ’
288 1829 460 1915 Anglicos,
482 1829 592 1914 plures
615 1829 753 1919 Qiiaffl
775 1828 962 1895 ceciderunt
984 1828 1093 1894 occisi.

375 1951 454 2017 Non
477 1951 618 2016 multum
641 1961 766 2036 postea,
788 1950 909 2016 scilicet
933 1950 966 2014 in
989 1949 1150 2034 principio
1173 1949 1293 2015 mensis
1320 1949 1498 2029 Februarii,
1521 1971 1581 2016 rex
1608 1950 1642 2015 in
1661 1965 1767 2017 Edwaru
1841 1960 1882 2040 [J

288 2070 448 2156 Angliam
467 2093 641 2157 regressus,
659 2072 772 2156 regina
791 2081 972 2156 pregnante
991 2071 1024 2133 in
1045 2069 1206 2167 Qaqdavo
1223 2069 1368 2149 dimissa,
1386 2070 1502 2137 habuit
1521 2070 1641 2157 parlia·
1660 2041 1794 2164 iffi?
1866 2078 1887 2173 3'

289 2204 437 2258 mentum
452 2194 541 2276 apud
557 2192 896 2269 Westmonasterium,
913 2190 969 2255 ubi
984 2189 1057 2255 laici
1076 2164 1304 2256 concesserunt
1318 2191 1381 2256 sibi
1399 2212 1522 2256 nonum
1537 2191 1642 2281 vellus
1660 2229 1816 2281 Putamus
1845 2126 1853 2231 Ι
1885 2164 1903 2203 ‘s
1919 2170 1941 2213 ’ἶ

288 2313 363 2379 lane
384 2324 417 2378 et
440 2332 562 2379 nonum
585 2296 707 2398 agnum
730 2322 763 2378 et
786 2332 907 2378 nonam
928 2312 1067 2406 Q
1089 2311 1322 2394 cuiuscumque
1342 2312 1471 2396 generis
1493 2312 1593 2393 bladi,
1608 2323 1642 2379 et
1661 2296 1747 2347 ⁶¹²⁰*
1788 2304 1871 2383 filu
1885 2340 1914 2374 ν..

288 2434 393 2500 clerus
416 2454 516 2500 unam
543 2433 864 2500 nonamdecimam.
911 2431 962 2496 Ibi
989 2442 1023 2497 et
1047 2453 1106 2496 rex
1134 2432 1250 2497 statuit
1276 2441 1310 2497 et
1337 2432 1413 2498 lecit
1444 2432 1641 2517 proclamari

211 2620 246 2673 Φ
288 2556 378 2640 quod
403 2555 511 2623 nullus
533 2555 703 2639 Anglicus,
725 2556 855 2622 racione
876 2553 1017 2619 nominis
1039 2563 1096 2619 aut
1118 2574 1285 2619 armorum
1307 2575 1372 2638 que
1400 2564 1559 2637 tanquam
1581 2574 1641 2620 rex

17 2697 20 2715 ’
43 2631 72 2741 d
84 2605 210 2723 ff
289 2676 427 2743 Francie
449 2677 573 2756 habuit,
592 2698 702 2743 secum
724 2698 816 2743 arma
839 2684 985 2760 portaret
994 2676 1017 2738 ³.

14 2797 16 2810 ¹
377 2796 454 2864 Cito
491 2808 567 2882 post
601 2799 727 2865 Pascha
763 2819 874 2865 comes
907 2795 1089 2864 Sarisburie
1121 2804 1155 2860 et
1188 2793 1393 2862 Surhsolchie
1422 2816 1496 2862 curn
1527 2796 1642 2881 paucis
1661 2826 1820 2879 Themisot

288 2919 434 2998 armatis,
457 2920 575 2985 dantes
603 2919 760 2987 insultum
785 2919 862 2985 ville
887 2921 931 2986 de
955 2916 1041 3002 Lyle
1068 2918 1101 2981 in
1129 2916 1294 2996 Flandria,
1323 2937 1389 3000 que
1417 2918 1522 2983 adesit
1554 2917 1640 3003 parti
1659 2893 1816 3010 fflffik

7 3108 34 3133 ῳ
209 3078 218 3139 3
288 3040 408 3107 tiranni
434 3038 644 3120 Francorum,
666 3041 762 3106 nimis
788 3041 831 3106 de
854 3061 966 3125 prope,
988 3037 1111 3106 scilicet
1137 3037 1219 3104 infra
1240 3039 1534 3133 portas,·Francos
1556 3039 1641 3124 fugi·
1658 3024 1788 3157 ἔξω
1869 3104 1878 3155 l
1927 3128 1933 3137 ¹

9 3134 236 3289 *wgff
289 3170 381 3227 entes
410 3160 556 3240 insecuti,
586 3172 715 3277 Q&
744 3162 887 3229 demisso
916 3174 950 3227 et
980 3134 1069 3257 stef}
1094 3170 1297 3226 armatorum
1328 3160 1472 3243 undique
1507 3158 1640 3227 subito⁴
1808 3160 1817 3169 ’
1947 3141 1971 3181 Ὗ
1986 3172 2027 3277 ”s

2 3230 36 3288 h
62 3219 117 3307 Ν
219 3252 254 3281 w
288 3280 442 3358 conclusi,
465 3282 553 3365 capti
576 3282 608 3347 in
631 3282 806 3349 Franciam
827 3294 905 3349 sunt
926 3281 1117 3407 traqs‘pissi.
1163 3259 1259 3346 Duos
1282 3279 1356 3347 illos
1377 3279 1505 3358 milites,
1528 3281 1556 3346 si
1575 3302 1642 3347 non
1687 3293 1788 3348 curt.
1811 3282 1816 3289 '
1885 3228 1998 3365 [¹:924
2012 3242 2046 3353 As.

1478 3367 1663 3397 μ

288 3402 409 3468 debeat
431 3402 563 3469 obstare
589 3403 653 3468 ista
676 3405 853 3495 temeritas
877 3382 1136 3489 probatissimos,
1159 3402 1380 3468 inhumaniter
1407 3404 1562 3469 tractavit
1587 3425 1648 3492 Q

288 3522 392 3626 pgrba
413 3521 597 3623 indignatio
616 3523 839 3605 Gallicorum
871 3526 956 3592 ferro
979 3546 1099 3610 nempe
1125 3524 1261 3601 vinctos,
1280 3525 1429 3607 quamvis
1454 3524 1519 3590 fide
1542 3524 1641 3589 inter·

887 3610 1277 3653 sae-n—-m

288 3643 399 3728 posita
420 3645 578 3724 redditos,
596 3666 663 3713 non
684 3668 783 3732 super
804 3667 907 3731 equos
929 3656 980 3713 set
1003 3647 1036 3711 in
1059 3646 1138 3730 biga
1159 3655 1282 3724 vectos,
1304 3646 1399 3728 quasi
1421 3646 1594 3728 predones,
1609 3646 1642 3711 in
1728 3668 1743 3692 =

289 3765 400 3831 medio
425 3765 599 3834 cuiuslibet
625 3767 768 3834 civitatis
797 3790 897 3853 parve
922 3788 979 3833 seu
1005 3736 1091 3847 ville,
1116 3766 1260 3834 clamore
1286 3765 1493 3851 popularium
1524 3765 1642 3831 blasse-

290 3887 439 3966 mandos,
451 3886 529 3971 biga
541 3898 628 3954 stare
641 3889 736 3969 iussa,
746 3889 836 3974 ipsos
846 3891 1015 3956 duxerunt
1026 3891 1070 3955 ad
1080 3899 1274 3974 conspectus
1283 3887 1411 3967 titanni,
1422 3887 1480 3972 qui
1490 3886 1643 3972 squalore
1731 3922 1746 3951 ,-
1765 3866 1774 3881 ”

1780 3614 1996 3695 oh.,l,⁴,⁴1'r.s

457 4154 565 4215 ¹Here
576 4160 690 4217 several
699 4161 793 4217 leaves
805 4179 855 4218 are
866 4163 1001 4235 wantrirg
1009 4162 1042 4218 r'n
1055 4163 1088 4219 C.
1265 4159 1418 4218 ²nomine.
1438 4161 1471 4215 B.

640 4263 651 4296 ⁸
669 4276 787 4338 portare.
806 4268 839 4323 Β.
1087 4265 1098 4298 ⁴
1117 4275 1199 4323 stato.
1218 4267 1251 4321 B.

1021 4386 1082 4436 Ka
