4282 4890
472 294 535 370 164
882 299 1190 356 CHRONICULUM
1210 299 1415 355 GALFRIDI

558 499 761 583 M.cc.lxxvj.
804 501 841 564 A
863 501 1113 565 consecracione
1145 500 1303 566 Iohannis
1325 500 1368 565 de
1395 499 1547 575 Pecham,
1571 498 1822 566 Cantuariensis

470 620 626 703 episcopi,
648 620 799 686 Roberto
825 621 868 686 de
894 618 1123 705 Culwardeby,
1147 641 1223 687 cum
1249 621 1390 686 sedisset
1411 619 1479 703 viij.
1505 621 1608 697 annis,
1631 621 1722 686 facto
1751 641 1822 688 car·

469 733 589 805 dinale.
1677 741 1778 826 Ixxj.¹

513 901 516 905 ,
557 862 784 945 M.CC.lxxviij.
829 862 888 926 Ab
917 864 1011 929 obitu
1037 863 1177 930 Walteri
1207 864 1250 929 de
1280 863 1445 937 Mertone‚
1471 863 1641 928 Roffensis
1665 864 1822 949 episcopi,

468 982 527 1065 qui
542 981 653 1046 aulam
669 986 712 1047 de
727 982 879 1048 Mertone
895 980 928 1046 in
944 982 1079 1049 Oxonia
1094 984 1245 1049 fundavit
1260 994 1294 1048 et
1309 1006 1394 1063 eam,
1410 1004 1471 1067 pro
1484 985 1730 1051 sustentacione
1751 1005 1823 1050 sco-

468 1102 586 1167 larium
605 1103 639 1167 in
661 1104 789 1195 duabus
808 1104 963 1183 scienciis,
977 1103 1133 1170 videlicet
1149 1105 1318 1190 theologia
1332 1115 1367 1170 et
1388 1105 1587 1182 dialecticai,
1602 1105 1821 1183 studencium,

468 1224 631 1303 ditissime
645 1225 783 1290 dotavit.
1678 1224 1780 1290 lxix.8

556 1358 674 1410 Acce.
716 1345 777 1409 Ab
792 1346 886 1410 obitu
903 1345 1027 1412 Oliveri
1047 1346 1091 1411 de
1105 1344 1260 1426 Suttune,
1276 1347 1431 1432 episcopi,
1447 1367 1522 1411 cum
1542 1347 1685 1412 sedisset
1702 1348 1735 1412 in
1754 1347 1823 1430 epi·

466 1476 607 1548 scopatu
623 1464 848 1532 Lincolniensi
863 1467 958 1530 annis
974 1467 1047 1550 xxj.
1684 1467 1777 1551 xlvij.
1862 1512 1864 1516 ι

514 1629 515 1633 =
554 1587 730 1671 M.CC.xcij.
774 1587 834 1652 Ab
869 1588 963 1652 obitu
1003 1588 1163 1654 Iohannis
1192 1590 1236 1653 de
1267 1588 1442 1667 Peccham,
1469 1588 1716 1673 archiepiscopi,
1745 1609 1822 1653 cum

468 1828 642 1894 tuariensis
657 1829 932 1913 archiepiscopus.
1734 1830 1777 1895 lv.

554 1950 734 2033 Mcccxij.
777 1950 838 2014 Ab
852 1951 949 2016 obitu
966 1950 1114 2016 eiusdem
1139 1953 1279 2018 Roberti
1293 1955 1336 2017 de
1352 1951 1573 2035 Wynchilese,
1591 1971 1667 2017 cum
1682 1951 1822 2017 sedisset

468 2093 529 2136 xx.
543 2070 649 2136 annis.
1390 2112 1395 2121 ·
1668 2093 1777 2136 xxxv.

554 2205 737 2258 mccxx.
780 2190 840 2255 Ab
855 2191 948 2257 obitu
965 2191 1124 2256 Iohannis
1146 2194 1189 2257 de
1213 2173 1389 2278 Daldirby,
1405 2193 1647 2260 Lincolniensis
1666 2192 1821 2278 episcopi,

469 2334 545 2378 cum
561 2314 699 2378 sedisset
714 2334 776 2375 xx.
796 2311 900 2378 annis.
1176 2367 1188 2387 ,
1671 2315 1777 2399 xxvij.

553 2558 612 2604 xv.
653 2537 715 2603 Ab
744 2536 838 2602 obitu
866 2536 1042 2603 Octaviani
1065 2538 1282 2623 imperatoris,
1306 2560 1381 2605 cum
1411 2539 1606 2624 imperasset
1630 2537 1696 2621 lvij.
1719 2537 1822 2614 annis,

468 2660 621 2726 videlicet
635 2668 713 2726 ante
733 2658 1003 2740 incarnacionem
1020 2660 1092 2743 xlij.
1113 2660 1207 2726 annis
1223 2672 1257 2726 et
1274 2671 1351 2745 post
1366 2660 1630 2726 incarnacionem
1646 2679 1702 2721 xv.
1718 2658 1822 2732 annis,

468 2790 645 2872 totumque
664 2780 828 2846 mundum
857 2800 920 2844 suo
948 2781 1081 2864 subegit
1110 2779 1258 2867 imperio,
1280 2802 1367 2848 anno
1396 2801 1474 2847 vero
1496 2780 1564 2845 vite
1585 2800 1645 2844 sue
1668 2776 1812 2861 lxxviij⁰.

1548 2899 1778 2982 mcccxxxij.

555 3023 682 3107 cccxj.
727 3024 785 3088 Ex
814 3045 882 3107 quo
912 3021 1152 3088 Constantinus
1181 3023 1370 3108 imperator,
1392 3023 1523 3089 devicto
1553 3021 1733 3087 Maxencio
1761 3040 1822 3105 per

469 3146 626 3209 virtutem
649 3153 762 3210 sancte
783 3143 896 3219 crucis,
918 3145 1063 3228 suscepit
1086 3144 1271 3228 imperium.
1602 3139 1778 3224 M.xxxvj.⁴

557 3265 681 3330 cccxl.
724 3264 786 3330 Ab
801 3265 894 3329 obitu
910 3264 1067 3343 eiusdem,
1078 3285 1153 3329 cum
1174 3265 1369 3349 imperasset
1383 3284 1469 3328 xxx.
1484 3264 1589 3339 annis,
1600 3283 1640 3329 ac
1649 3262 1821 3329 ecclesiam

470 3387 535 3452 Dei
558 3407 617 3471 pre
639 3384 895 3471 imperatoribus
917 3385 1145 3451 confirmasset
1167 3396 1202 3451 et
1223 3385 1382 3451 dotasset.
1681 3382 1777 3467 Mxij.

556 3502 778 3596 Decc.l[x]Ix.
825 3507 882 3571 Ex
903 3528 970 3590 quo
992 3507 1096 3591 Dany
1112 3528 1249 3591 regnum
1272 3507 1398 3591 Anglie
1419 3507 1644 3583 devastarunt,
1659 3516 1694 3570 et
1708 3526 1819 3590 regem

471 3628 788 3696 christianissimum
810 3629 1033 3713 Aymundum
1056 3628 1313 3694 decollaverunt.
1548 3627 1777 3710 cccclxxviij.

557 3751 774 3834 cccclxxvij.
819 3749 876 3814 Ex
904 3772 972 3835 quo
1001 3749 1163 3815 Merlinus
1192 3761 1286 3817 vates
1309 3751 1341 3814 in
1365 3749 1536 3815 Britannia
1558 3747 1677 3828 floruit,
1699 3758 1734 3813 et
1755 3769 1820 3831 que

470 3873 579 3938 sutura
601 3883 696 3938 erant
718 3871 908 3938 Britonibus
929 3822 1197 3957 prom
1597 3869 1776 3935 Deccixx.

557 3995 667 4060 Mva.
709 3993 769 4060 Ab
780 3994 874 4060 obitu
885 3995 992 4060 sancti
1007 3994 1173 4074 Edwardi,
1189 3993 1275 4078 regis
1290 4004 1324 4059 et
1338 3993 1543 4067 confessoris,
1559 4012 1635 4057 cum
1650 4001 1821 4074 regnasset

467 4117 563 4202 xxiij.
575 4117 678 4197 annis,
689 4115 912 4202 vj.mensibus
919 4142 927 4197 ;
946 4128 980 4182 et
990 4117 1081 4202 apud
1092 4115 1430 4181 Westmonasterium
1441 4113 1608 4199 sepelitur.
1638 4111 1819 4197 cclxxxij.

572 4271 662 4327 ¹1xix.
675 4274 709 4329 B.
846 4270 1014 4329 'dialetica
1034 4274 1067 4328 Β.
1204 4268 1297 4343 ’non
1311 4273 1343 4326 B.
1481 4266 1649 4338 ‘nncccnj⁸
1669 4269 1703 4321 B.
