4282 4890
619 299 677 354 LE
698 298 845 353 BAKER
865 298 926 353 DE
946 298 972 352 S
977 298 1016 352 W
1020 297 1255 354 YNEBROKE.
1552 305 1613 373 125

262 512 369 568 certos
400 500 556 566 articulos
589 499 763 583 premissos
801 496 885 562 foret
922 497 1071 562 consulte
1108 497 1303 564 faciendum.
1348 499 1512 566 Attamen
1536 521 1611 584 per
1624 505 1782 554 Amm-

263 644 383 708 papam
399 624 479 687 nihil
499 622 559 687 suit
576 623 769 686 innovatum
785 640 892 713 neque
904 617 1124 715 ¹reformatum
1134 617 1155 719 ¹2
1168 622 1321 721 Ἥρῃ-ἀ
1343 574 1772 752 Ρῶῶζὲἓῡ

262 755 295 810 et
318 718 707 844 regnorum]pj{l>iliter
726 718 860 831 valeret.
883 718 888 725 ’
907 740 1085 824 Propterea
1108 743 1216 807 nuncii
1239 743 1282 807 ad
1306 763 1424 847 geravs
1448 763 1612 851 ppxensas
1627 766 1752 882 81me
1830 773 1883 861 Χ

15 880 66 945 ᾳ,
95 908 100 915 -
158 878 168 915 ³
262 832 744 932 ιῖἷιῖἒ”ἀεεῖιηαῐιειιιεεῆἐεῒιι
754 844 1008 941 revertebantur,
1023 863 1270 971 QWUOE
1292 867 1449 950 episcopo
1471 865 1612 948 Norwy·
1626 834 1750 959 ,m'ffte'

261 989 358 1064 censi,
374 988 444 1051 viro
461 1007 580 1070 magne
599 983 757 1070 sapientie
777 984 900 1048 ibidem
916 985 1052 1047 obeunti
1073 966 1115 1048 et*
1129 984 1269 1069 sepulto,
1284 987 1440 1051 successit
1458 986 1613 1051 dominus
1625 963 1757 1079 pighrppcpf

261 1107 410 1174 Thomas
433 1109 475 1173 de
499 1109 612 1191 Percy‚
636 1106 822 1191 provisione
844 1105 968 1168 domini
993 1125 1079 1211 pape
1102 1116 1136 1171 et
1157 1106 1318 1172 instancia
1341 1107 1542 1173 nunciorum.
1627 1095 1653 1160 (⁶
1665 1095 1741 1160 le·
1779 1137 1809 1191 χ

347 1228 449 1293 Anno
475 1226 670 1314 M.ccc.liiij.,
700 1248 759 1291 rex
786 1222 962 1299 Navarre²‚
989 1225 1163 1292 suscitata³
1187 1227 1269 1304 rixa,
1292 1229 1412 1292 occidit
1439 1227 1610 1292 dominum

261 1349 425 1413 Karolum
450 1351 492 1414 de
518 1349 660 1432 ispania,
691 1347 829 1437 Francie
861 1346 1131 1453 marescalluQ
1145 1348 1232 1412 unde
1256 1347 1437 1413 vindictam
1462 1349 1611 1413 coronati
1625 1355 1730 1406 Chanes
1742 1356 1772 1406 of

260 1450 494 1535 declinaturus
519 1472 550 1533 in
589 1454 721 1553 propna
761 1466 854 1551 sugit,
906 1466 1019 1532 ''ittens
1051 1456 1247 1533 avunculum
1279 1490 1376 1533 suum
1410 1468 1485 1533 duci
1524 1468 1611 1532 Lan-
1625 1421 1779 1552 mesico·

260 1592 377 1656 castrie
400 1611 474 1655 cum
501 1591 601 1655 literis
628 1589 818 1673 suppliciter
842 1587 1075 1673 deprecatoriis
1099 1590 1189 1674 quod
1213 1589 1339 1654 veniret
1370 1590 1611 1655 Normanniam
1624 1553 1784 1669 {ffliff

261 1713 293 1776 in
312 1713 361 1776 sui
378 1711 537 1777 auxilium
554 1721 588 1775 et
607 1711 841 1786 defensionem,
858 1711 1080 1794 reciperetque
1098 1712 1141 1775 ab
1157 1711 1228 1794 ipso
1248 1709 1493 1776 iuramentum⁴
1510 1709 1614 1775 fideli·
1625 1684 1665 1733 for
1676 1684 1726 1734 *ω’

260 1835 339 1898 tatis
363 1845 395 1897 et
418 1832 585 1899 amicicie⁶
607 1843 721 1898 contra
744 1853 859 1897 omnes
882 1832 1029 1897 viventes
1039 1831 1062 1893 ⁶.
1109 1832 1216 1915 Igitur
1238 1832 1319 1910 dux,
1342 1832 1458 1897 habita
1480 1832 1614 1898 licensia

260 1975 281 2018 a
297 1955 432 2019 domino
450 1975 535 2038 rege,
552 1975 706 2038 magnam
723 1954 861 2019 classem
880 1953 1078 2018 coadunavit
1090 1953 1179 2036 apud
1193 1952 1524 2038 Suthamptoniam⁷;
1548 1955 1615 2031 ubi,

260 2076 344 2140 duce
370 2087 488 2160 parato
511 2075 554 2140 ad
584 2074 826 2153 velificandum,
856 2084 1049 2139 revenerunt
1081 2074 1202 2139 milites
1231 2071 1281 2139 sui
1311 2075 1430 2152 nuncii,
1461 2074 1613 2159 promissi
1761 2096 1769 2117 ¹

261 2196 518 2262 Normanniam⁸
548 2218 608 2282 pro
630 2197 725 2262 istius
751 2197 878 2280 negocii
901 2195 1039 2260 veritate
1062 2195 1327 2280 contemplanda,
1350 2217 1408 2279 per
1430 2217 1514 2280 quos
1536 2198 1614 2262 duci

260 2318 321 2382 luit
347 2318 553 2384 notificatum
578 2318 669 2401 quod
692 2318 859 2402 predictus
882 2338 959 2380 suus
981 2317 1242 2398 consanguineus
1266 2338 1326 2382 rex
1349 2317 1497 2382 Navarre
1521 2338 1613 2383 coro-

260 2449 338 2502 nato
364 2439 564 2504 Francorum
589 2448 660 2503 erat
686 2436 897 2522 pacificatus;
928 2437 1033 2502 etsie
1062 2437 1155 2501 ducis
1183 2437 1409 2502 transfretacio
1445 2458 1505 2521 pro
1535 2447 1613 2503 tunc

260 2557 533 2643 suspendebatur.
557 2587 577 2635 >t

350 2678 452 2743 Anno
466 2678 640 2754 M.ccc.lv.,
653 2678 745 2761 regni
759 2677 915 2742 Edwardi
928 2677 1036 2752 xxix,
1046 2678 1118 2762 ipso
1129 2699 1206 2762 rege
1221 2699 1333 2744 versus
1344 2680 1372 2742 F
1373 2681 1516 2745 ranciam
1527 2680 1611 2746 circa
1626 2692 1681 2742 The
1691 2691 1754 2758 king

261 2799 498 2865 Sandwicum⁹
520 2784 719 2883 et⁰principe
734 2797 856 2863 Wallie
877 2819 989 2862 versus
1007 2797 1248 2882 Aquitanniam
1268 2802 1356 2885 apud
1379 2800 1554 2866 Suttonam
1578 2803 1611 2866 in
1624 2760 1769 2874 wasia-⁰⁸
1801 2784 1961 2899 siim„
1998 2788 2032 2865 1'?

260 2922 411 2986 Devonia
440 2931 576 2985 ventum
608 2891 1739 3029 prosperuQQWQssssgiet⁰

260 3044 489 3145 erjgs,
505 3042 620 3107 ceteris
641 3042 774 3125 paratis,
798 3052 973 3106 coronatus
992 3042 1192 3107 Francorum
1210 3042 1325 3107 habuit
1345 3064 1424 3108 suos
1446 3044 1611 3109 exercitus
1624 3021 1726 3071 pm
1810 3006 1921 3085 blf-²³·

259 3165 381 3229 divisos
395 3184 494 3247 super
504 3173 624 3247 portus
644 3162 846 3228 Normannie
860 3172 894 3227 et
917 3162 950 3226 in
973 3161 1046 3226 aliis
1069 3162 1250 3241 maritimis,
1268 3163 1485 3247 impedituros
1500 3186 1610 3249 regem

258 3307 314 3350 seu
342 3286 525 3370 principem
552 3305 593 3348 ne
622 3283 664 3347 ad
687 3293 809 3348 terram
836 3284 1050 3368 applicarent,
1074 3283 1106 3347 in
1134 3293 1264 3348 tanturn
1292 3293 1326 3348 et
1347 3294 1418 3350 tam
1441 3284 1498 3349 diu
1520 3286 1611 3369 quod
1656 3310 1932 3446 W

259 3407 320 3490 ipsi
338 3406 454 3472 Gallici
470 3426 545 3471 cum
562 3406 630 3470 suis
646 3404 863 3488 stipendiariis
877 3405 1018 3489 patriam
1058 3425 1095 3469 ro
1121 3404 1203 3469 riam
1219 3405 1357 3469 nimium
1371 3414 1552 3485 vastarunt,
1567 3416 1610 3480 et,
1879 3450 1900 3501 '5
1965 3486 1979 3509 .

258 3527 301 3592 ab
317 3527 422 3592 erario
436 3525 585 3592 coronati
601 3526 714 3590 multis
730 3425 1599 3591 milibusffutaffuffianiterssn-sffl
1644 3522 1652 3559 .·
1678 3504 1727 3609 os.
1851 3504 1910 3629 lli!
1928 3522 1979 3551 ν·
2006 3559 2032 3681 >

1703 3620 1729 3647 lt

293 3757 301 3789 ¹
321 3775 409 3828 neque
420 3755 545 3828 reform]
558 3776 611 3815 om.
625 3760 657 3813 B.

293 3843 304 3875 ²
321 3847 399 3900 Here
411 3847 443 3901 C.
456 3848 510 3901 aas
520 3847 567 3901 the
568 3846 729 3919 following
735 3847 789 3900 .·-‘
797 3862 874 3902 anno
890 3844 1131 3917 supranominato,
1150 3845 1279 3901 invocato
1296 3843 1418 3916 presenti
1436 3854 1611 3901 sacramento

257 3928 362 3994 altaris,
376 3927 475 3983 iuravit
488 3927 651 3985 fidelitatem
664 3930 721 4001 regi
734 3931 843 4002 Anglie,
856 3929 1086 4002 quemdominus
1102 3930 1158 3985 dux
1172 3929 1335 3985 Lancastrie
1351 3928 1427 4000 apud
1439 3927 1610 3984 Avinoniam

258 4016 311 4071 sibi
325 4016 472 4072 securitate
485 4015 650 4087 interposita
662 4018 793 4089 suscepit.
829 4020 868 4074 Et
881 4036 928 4074 rex
940 4028 1048 4090 postea,
1061 4017 1173 4074 rediens
1186 4016 1352 4084 Franciam,’
1363 4026 1416 4072 etc.

292 4101 303 4134 ¹
322 4104 518 4175 suscitataque.
532 4105 565 4160 C.
742 4105 754 4136 ¹
773 4105 959 4163 securitatem.
974 4107 1005 4161 C.
1217 4102 1228 4132 ⁶
1246 4110 1275 4158 el
1284 4103 1378 4175 amic]
1393 4122 1446 4159 om.
1461 4105 1492 4160 C.

293 4190 304 4221 ⁶
324 4194 355 4246 C.
368 4190 457 4246 adds:
475 4201 598 4246 castrum
613 4192 717 4249 scilicet
730 4193 869 4248 Chirbrok
882 4194 910 4248 in
923 4192 1106 4249 Normannia.

293 4277 303 4310 ⁷
324 4278 592 4350 Southamptoniam
610 4281 642 4336 C.
748 4278 759 4311 ⁸
776 4281 854 4336 missi
868 4282 1060 4352 Normannya.
1075 4283 1107 4337 C.
1213 4279 1224 4312 ’
1243 4279 1446 4338 Sandewicum.
1461 4281 1493 4337 C.
