4282 4890
463 280 505 344 94
899 265 1145 322 CHRONICON
1166 264 1371 320 GALFRIDI

286 478 440 531 asamar.
460 478 493 531 et
520 464 746 532 convencionis
770 466 889 547 quibus
913 465 980 548 regi
1006 465 1132 549 Anglie
1157 486 1192 528 se
1214 465 1445 542 submiserunt,
1466 458 1518 529 set'
1542 486 1601 530 nec
1631 472 1704 531 cum
1728 467 1814 532 alico

313 571 412 582 '—
460 571 526 636 alio
542 571 610 654 regi
629 570 753 653 Anglie
769 569 988 635 confederato.

354 708 390 803 01
548 675 662 751 ‘Item,
691 696 735 737 ex
766 685 858 758 parte
889 674 973 757 regis
1003 672 1126 755 Anglie
1156 674 1218 736 erit
1249 673 1421 756 proximus
1452 675 1628 756 precedens
1658 676 1814 740 articulus

460 780 661 856 observatus,
686 779 797 862 quoad
823 799 938 843 omnes
964 778 1088 843 amicos
1115 779 1200 860 regis
1227 778 1363 842 Francie
1392 799 1450 842 seu
1476 778 1538 841 sibi
1569 780 1685 861 quovis
1712 782 1814 846 modo

460 885 697 949 confederatos.

548 987 663 1065 ‘Item,
688 989 778 1070 quod
801 987 891 1052 nulla
913 987 1041 1052 novitas
1063 1007 1123 1052 nec
1145 985 1229 1051 alica
1255 985 1343 1050 mala
1366 987 1575 1069 presumpcio
1596 986 1639 1051 sit
1661 987 1747 1053 iacta
1769 1010 1814 1053 ex

460 1091 616 1157 alterutra
638 1102 741 1176 parte,
764 1092 960 1155 durantibus
981 1092 1114 1172 treugis

546 1196 659 1273 ‘Item‚
678 1197 768 1279 quod
792 1197 919 1260 banniti
941 1206 974 1259 et
997 1195 1124 1278 fugitivi
1145 1215 1165 1259 a
1182 1193 1337 1258 Flandria
1355 1205 1389 1258 et
1412 1194 1518 1277 patria
1533 1196 1576 1259 de
1594 1194 1737 1273 Labene‚
1755 1199 1812 1280 qui

386 1267 427 1329 μ’
460 1299 528 1382 regi
546 1300 682 1365 Francie
697 1301 881 1376 adeserunt‚
901 1300 1087 1364 abstineant
1102 1299 1145 1362 ab
1161 1299 1307 1381 ingressu
1324 1299 1544 1381 predictarum
1564 1311 1733 1377 terrarum,
1750 1302 1813 1365 sub

366 1411 368 1415 ’
461 1404 605 1489 periculo
624 1425 782 1488 penarum
798 1405 920 1469 talibus
935 1403 1230 1486 transgressoribus
1246 1401 1523 1486 infligendarum¹.

546 1509 658 1585 ‘Item,
677 1510 784 1573 nullus
800 1509 955 1574 obediens
971 1508 1064 1572 alteri
1084 1509 1226 1572 duorum
1242 1526 1355 1590 regum
1372 1508 1526 1571 deveniat
1543 1509 1703 1573 obediens
1717 1510 1811 1575 alteri

459 1633 582 1688 eorum,
598 1614 649 1677 cui
668 1633 734 1678 non
752 1613 929 1677 obediebat
946 1613 977 1676 in
993 1623 1143 1695 tempore
1159 1611 1324 1695 capcionis
1341 1611 1476 1675 istarum
1493 1621 1692 1695 treugarum.

546 1717 660 1794 ‘Item,
683 1719 773 1799 quod
797 1716 905 1780 nullus
931 1716 1079 1781 alterutri
1103 1736 1218 1798 regum
1241 1715 1408 1780 subiectus
1431 1726 1546 1780 contra
1568 1716 1703 1781 alterius
1727 1719 1812 1801 regis

459 1820 642 1885 subiectum
667 1831 798 1886 moveat
819 1842 991 1903 guerram3
1022 1831 1071 1884 set
1095 1830 1232 1902 uterque
1255 1839 1368 1901 regum
1392 1840 1469 1882 suos
1491 1820 1641 1886 subditos
1663 1833 1813 1887 teneatur

61 1922 158 2025 ΑΝ
190 1896 422 2033 marles}
458 1935 575 2005 arta-re,
604 1946 645 1989 ne
677 1924 864 1990 huiusmodi
895 1945 1046 2009 guerram
1077 1923 1195 2006 aliquis
1225 1920 1355 1989 illorum
1386 1944 1447 2007 pro
1477 1944 1684 2007 quacumque
1713 1947 1813 1992 causa

460 2029 619 2113 suscitare
635 2041 815 2112 presumat.

407 2168 458 2255 ιιι
546 2133 660 2209 ‘Item,
683 2134 773 2215 quod
803 2153 918 2197 omnes
947 2142 1153 2208 mercatores,
1175 2131 1280 2195 eciam
1303 2151 1417 2196 omnes
1439 2131 1572 2210 subditi,
1595 2133 1812 2222 coadiutorea

459 2235 581 2313 affines,
611 2258 668 2300 seu
700 2239 1012 2320 quomodocumque
1042 2237 1240 2320 pertinentes
1270 2236 1325 2298 uni
1359 2235 1444 2318 parti
1474 2236 1525 2299 vel
1552 2237 1646 2301 alteri
1671 2239 1810 2303 duorum

461 2361 585 2425 regum,
618 2351 652 2405 et
689 2339 1661 2445 QQchm
1697 2363 1811 2407 eorum

393 1048 433 1100 10

390 1566 448 1617 η,

406 1766 454 1829 13

309 2456 329 2503 t·
341 2449 412 2502 1²⁶⁶·
462 2446 689 2522 mercimoniis
701 2456 769 2510 tam
783 2467 842 2530 per
860 2467 950 2510 mare
965 2465 1065 2537 quam
1086 2465 1144 2529 per
1159 2455 1290 2520 terram,
1306 2464 1363 2508 seu
1383 2454 1486 2508 terras
1508 2454 1541 2508 et
1558 2446 1669 2522 maria,
1686 2447 1812 2530 possint

462 2551 561 2614 libere
583 2562 616 2615 et
639 2551 708 2614 sine
728 2571 817 2633 quar
842 2562 874 2615 et
894 2550 1081 2633 calumpnia
1102 2570 1159 2632 per
1180 2568 1295 2614 omnes
1314 2557 1418 2612 terras
1439 2549 1470 2611 in
1492 2548 1562 2612 istis
1584 2551 1707 2634 treugis
1722 2572 1812 2617 com·
1859 2552 1968 2708 U)
2010 2632 2014 2647 .

231 2656 239 2671 “
460 2655 637 2738 prehensas
667 2656 818 2721 itinerare
848 2665 880 2719 et
910 2654 1133 2754 ριιςιιιιιιιιιιε,
1161 2653 1254 2717 sicud
1284 2652 1434 2717 solebant
1465 2653 1497 2716 in
1527 2654 1665 2718 aliorum
1697 2660 1816 2740 regum
1849 2704 1855 2710 -
1931 2704 1990 2750 s

461 2759 676 2843 temporibus,
710 2780 791 2844 pace
825 2760 908 2823 inter
940 2779 1042 2842 regna
1074 2754 1287 2835 custodita²;
1323 2757 1507 2820 dummodo
1536 2768 1647 2822 tamen
1683 2759 1812 2824 solvant

461 2865 640 2929 secundum
663 2865 815 2947 antiquas
837 2863 966 2928 debitas
989 2862 1239 2927 consuetudines
1261 2871 1295 2925 et
1317 2860 1401 2924 tales
1427 2861 1605 2926 dumtaxat
1627 2882 1728 2927 novas
1751 2864 1812 2927 im·

461 2969 587 3050 positas
610 2967 723 3049 quales
747 2968 898 3050 indigene
921 2966 1035 3031 fideles
1057 2966 1182 3030 solvere
1204 2974 1366 3028 tenentur
1410 2961 1573 3028 Attamen
1603 2967 1818 3049 excipiuntur-

461 3070 505 3135 ab
538 3072 601 3134 ista
632 3071 783 3135 libertate
805 3090 919 3135 omnes
945 3071 1072 3134 banniti
1100 3090 1160 3153 pro
1183 3069 1266 3133 alica
1295 3088 1403 3132 causa.
1396 3044 1613 3256 persona
1564 3056 1810 3238 eeorumdem

461 3176 650 3247 ducatuum,
673 3196 734 3258 pro
756 3195 964 3257 quacumque
993 3174 1111 3238 fuerint
1134 3194 1234 3239 causa
1257 3172 1393 3251 banniti,
1438 3144 1577 3237 audean
1618 3173 1756 3239 ibertate
1778 3187 1812 3240 et

354 3296 359 3311 ·
460 3279 666 3343 immunitate
683 3280 714 3343 in
734 3280 798 3344 isto
814 3289 864 3344 art
851 3278 952 3345 ticulo
967 3276 1220 3361 comprehensis

436 3391 449 3415 ¹
548 3383 662 3459 ‘Item,
674 3384 764 3465 quod
779 3403 893 3448 omnes
903 3382 1030 3447 articuli
1043 3392 1215 3465 tangentes
1226 3391 1423 3446 mercatores
1438 3392 1471 3445 et
1487 3401 1599 3447 eorum
1613 3404 1727 3467 pacem
1746 3385 1812 3449 sint

462 3487 603 3553 Parisius
618 3498 652 3551 et
667 3489 700 3551 in
718 3487 790 3552 aliis
808 3487 903 3553 bonis
918 3487 1004 3551 villis
1023 3485 1160 3550 Francie
1177 3485 1381 3569 proclamati.

396 3658 403 3705 ί
431 3666 453 3687 Ι,
547 3592 661 3670 ‘Item,
673 3591 781 3655 nullus
796 3593 936 3658 duorum
953 3611 1066 3676 regum
1083 3591 1272 3674 procurabit
1287 3610 1347 3675 per
1360 3590 1455 3655 sevel
1472 3610 1530 3675 per
1544 3589 1655 3670 alium,
1667 3613 1724 3656 seu
1737 3614 1812 3676 pro·

460 3695 565 3763 curari
580 3696 750 3781 permittet
772 3696 885 3780 gratis,
904 3698 994 3780 quod
1059 3717 1074 3759 r
1095 3695 1219 3760 curiam
1237 3694 1424 3761 Romanam
1445 3694 1529 3760 alica
1548 3695 1739 3763 molestacio
1754 3719 1811 3762 seu

461 3822 597 3867 censura
620 3800 840 3866 ecclesiastica
860 3810 975 3866 contra
995 3809 1119 3865 statum
1137 3819 1195 3863 seu
1218 3798 1362 3882 quietem
1385 3772 1521 3865 alicuius
1539 3801 1680 3865 duorum
1697 3822 1812 3885 regum

460 3906 512 3970 vel
535 3925 670 3969 suorum
693 3905 884 3981 amicorum,
908 3905 1036 3970 racione
1058 3924 1175 3987 guerre
1196 3903 1248 3968 vel
1278 3903 1412 3968 alterius
1440 3923 1547 3982 cause,
1575 3903 1618 3968 sit
1649 3905 1813 3985 innovata,

460 4020 511 4075 set
533 4030 666 4076 omnem
696 4008 798 4075 talem
827 4009 897 4074 sine
919 4008 1039 4073 mala
1030 4007 1254 4117 ingeniacione
1281 4029 1343 4095 pro
1364 4029 1425 4074 suo
1452 4028 1549 4093 posse
1574 4029 1666 4094 reges
1694 4011 1813 4077 sacient

460 4114 622 4199 impediri

673 4232 948 4305 1ῑιιῑιίιιςιιιιιὶιιιιιιιι.
989 4235 1022 4290 Β.
1340 4230 1351 4266 ¹
1369 4231 1545 4291 custodotita
1565 4233 1600 4291 B.
