4282 4890
469 263 529 346 158
876 269 1184 327 CHRONICULUM
1205 269 1409 324 GALFRIDI

465 469 605 535 cordant
621 467 692 532 lxx.
708 470 912 550 interpretes,
928 452 1068 532 mcxix.
1116 467 1161 533 Et
1177 468 1265 532 istud
1284 469 1505 533 communiter
1524 477 1665 535 tenetur.
1710 468 1818 535 Sexta

467 601 548 668 etas,
574 610 639 673 que
668 610 754 655 nunc
781 590 899 673 agitur,
931 590 1045 672 incipit
1067 611 1087 653 a
1110 589 1295 655 Nativitate
1320 588 1453 666 Christi,
1477 587 1630 655 videlicet
1660 610 1749 682 anno
1774 591 1819 655 ab

466 712 590 795 origine
614 711 728 776 mundi
751 695 900 786 mcxix„
924 712 1107 795 secundum
1132 711 1298 791 Orosium,
1315 721 1349 776 et
1371 711 1504 776 durabit
1527 731 1631 795 usque
1655 710 1817 776 adfinem

468 833 592 909 mundi,
609 842 643 897 et
661 834 810 898 continet
827 852 932 915 usque
944 797 1332 915 mum
1350 833 1518 898 exclusive
1534 832 1774 916 M.ccc.xxxvj.

1515 931 1772 979 -ι-ι-
1869 938 1871 943 ⁴

537 1054 684 1109 Numerus
712 1054 744 1107 in
774 1054 829 1107 isto
856 1055 955 1123 prenso
988 1054 1118 1124 margine
1235 1052 1546 1108 Numerustnsecundo
1556 1055 1820 1124 margtnescrtptus

465 1144 589 1213 scm'ptus
606 1148 648 1197 est
666 1158 810 1197 annorum
835 1142 870 1195 ab
888 1143 999 1213 arigim
1017 1141 1121 1197 muudi
1167 1145 1209 1195 est
1222 1158 1364 1195 annorum
1377 1141 1412 1194 ab
1429 1141 1516 1195 ins'eio
1528 1141 1631 1195 mundi
1640 1142 1817 1211 sequentium

460 1229 672 1301 precedenn'um
676 1237 762 1302 gesta
775 1229 928 1283 immediate
939 1229 1105 1299 subscm'pta.
1163 1235 1246 1300 gesta
1257 1230 1289 1283 in
1296 1230 1411 1300 pagina
1423 1235 1552 1299 sequente
1563 1230 1680 1284 inserta.

554 1417 646 1482 Anni
668 1418 711 1482 ab
734 1417 861 1502 origine
885 1419 1009 1493 mundi,
1032 1419 1215 1483 secundum
1246 1418 1413 1498 Orosium,
1435 1417 1487 1483 cui
1515 1419 1718 1483 concordant
1743 1417 1820 1481 lxx·

467 1541 670 1622 interpretes,
686 1559 789 1622 usque
804 1542 846 1605 ad
862 1550 995 1622 tempus
1012 1519 1391 1621 pm*
1633 1531 1784 1622 {juxlvj
1798 1539 1818 1604 ¹.

551 1635 777 1743 iimccuxix.
821 1660 880 1726 Ab
895 1660 1040 1725 adventu
1058 1662 1152 1725 Bruti
1167 1661 1266 1746 primi
1282 1661 1368 1744 regis
1383 1660 1508 1744 Anglie
1523 1662 1556 1725 in
1572 1659 1743 1744 Angliam.

547 1761 721 1864 niixxxij.
766 1781 824 1845 Ab
839 1781 933 1847 obitu
956 1750 1205 1861 eiusdeffium
1222 1791 1392 1865 regnasset
1413 1781 1534 1865 xxxiij.
1550 1783 1644 1846 annis
1665 1791 1699 1846 et
1719 1800 1819 1865 gene·

467 1912 573 1969 rasset
587 1913 653 1968 tres
671 1901 757 1966 filios
780 1902 920 1982 inclitos,
934 1923 1075 1987 quorum
1098 1903 1410 2021 primuffiocginus
1435 1913 1511 1987 post
1531 1904 1701 1968 decessum
1717 1904 1819 1986 patris

468 2023 617 2108 regnavit
647 2024 680 2087 in
704 2022 840 2107 Anglia,
865 2025 1028 2088 secundus
1059 2023 1205 2089 Camber
1229 2025 1262 2088 in
1286 1998 1417 2102 wiliia,
1444 2033 1478 2088 et
1507 2025 1638 2100 tercius,
1664 2024 1819 2091 videlicet

467 2144 686 2245 Alffliffius’
703 2145 735 2208 in
753 2143 879 2209 Scocia.
1060 2124 1160 2163 Λ
1652 2133 1817 2230 ἰῖ.1).κ1νί]“.

496 2234 528 2261 „
554 2266 613 2331 Ab
632 2266 711 2330 urbe
734 2266 982 2329 Londoniarum
1004 2265 1140 2331 condita
1157 2286 1217 2350 per
1238 2266 1381 2331 eundern
1403 2266 1555 2342 Brutum,
1570 2287 1671 2349 quam
1692 2267 1818 2332 Treno-
1928 2329 1931 2336 .

467 2398 616 2466 vamum,
632 2388 665 2451 id
682 2395 732 2452 est
747 2349 1523 2471 W
1786 2367 1820 2471 ᾗ.

554 2496 823 2588 ἷίῆ.ςεεε.1κκκ]“.
858 2504 916 2568 Ab
938 2503 1018 2567 urbe
1035 2504 1189 2567 Romana
1205 2504 1339 2568 condita
1354 2524 1412 2587 per
1427 2503 1609 2568 Romulum
1626 2515 1660 2570 et
1673 2505 1817 2570 Remum

467 2628 583 2693 iratres
605 2624 766 2710 gemellos
776 2623 798 2686 ².

555 2739 797 2830 iiiimccciviij.
820 2743 1025 2818 Alexander,
1048 2744 1190 2810 Macedo
1215 2765 1283 2823 rex,
1314 2764 1455 2842 magnus
1478 2746 1668 2837 imperator.
1715 2747 1818 2822 Plato,

1730 2830 1823 2858 Q

470 2866 673 2945 Aristotiles,
690 2877 725 2933 et
747 2821 1069 3052 {gemus
1086 2867 1237 2948 insignes,
1253 2866 1450 2932 claruerunt.
1562 2866 1819 2950 nnncdxxxviij.

354 2725 415 2774 150.

487 2939 657 2974 „murm

556 2989 759 3055 Octavianus
818 2999 957 3072 ugustus
980 2988 1170 3052 Romanum
1193 2990 1338 3072 suscepit
1361 2989 1545 3073 imperium,
1568 2999 1602 3054 et
1631 2989 1740 3054 dictus
1770 2999 1820 3054 est

470 3110 647 3194 Augustus
663 3131 702 3174 eo
717 3111 808 3193 quod
825 3130 892 3173 rem
909 3109 1099 3193 pupplicam
1115 3122 1265 3175 auxerat.
1565 3110 1819 3176 M.ccc.lxxxix.

537 3312 685 3367 Numerus
693 3313 725 3365 iu
738 3313 792 3366 sisto
805 3312 936 3384 margine
948 3310 1121 3382 subscm'ptus
1243 3314 1390 3369 Numerus
1412 3314 1585 3385 subscm‘ptus
1609 3319 1651 3368 est
1678 3331 1820 3368 annorum

464 3407 508 3457 est
523 3417 665 3456 annorum
684 3419 703 3454 a
720 3400 886 3455 Natiuitate
904 3400 1015 3456 Chm'stt
1025 3402 1119 3470 prece-
1172 3403 1351 3471 sequentium
1357 3409 1441 3474 gesta
1456 3401 1579 3471 insem'us
1595 3403 1704 3473 sm'pta
1721 3420 1740 3455 a
1759 3403 1820 3458 Na-

464 3492 595 3547 dentium
603 3494 686 3563 gesta
698 3489 851 3560 sequentia.
1171 3490 1287 3543 tiuitate
1301 3487 1410 3544 Chm‘sti
1426 3505 1513 3559 usque
1525 3493 1685 3561 presentem
1702 3507 1820 3557 annum,

1171 3578 1225 3646 qui
1233 3577 1296 3647 sing
1301 3577 1359 3632 ulis
1370 3577 1457 3631 unm's
1468 3576 1635 3631 mutabitur.

555 3769 659 3835 Anno
676 3771 720 3834 ab
735 3769 862 3853 origine
877 3768 992 3834 mundi
1004 3757 1157 3846 uenire„
1167 3776 1201 3831 et
1217 3766 1392 3832 Octaviani
1408 3767 1615 3850 imperatoris
1629 3766 1710 3850 xiij„
1726 3777 1824 3832 natus

472 3903 524 3959 est
549 3891 701 3958 Christus
723 3889 810 3954 filius
833 3891 906 3965 Dei,
931 3891 963 3955 in
990 3887 1146 3954 Bedleem
1170 3887 1264 3967 Iude,
1287 3909 1330 3952 ex
1354 3888 1460 3952 Maria
1481 3888 1615 3971 virgine,
1638 3898 1736 3953 nocte
1758 3887 1823 3952 diei

507 4079 516 4111 ¹
540 4079 639 4136 Under
649 4078 708 4134 tlu's
727 4077 846 4133 number
863 4079 890 4133 is
911 4079 1028 4134 wm‘ttm
1047 4077 1191 4149 ijnmvtj„
1209 4074 1302 4132 whs'ch
1321 4093 1387 4147 may
1398 4076 1429 4130 be
1446 4074 1580 4131 emended
1594 4081 1623 4130 to
1640 4091 1715 4132 cume
1731 4082 1764 4130 at
1779 4074 1825 4130 uu

467 4168 526 4223 end
534 4169 570 4238 os
575 4166 621 4222 tte
633 4172 701 4221 next
711 4172 842 4222 sentence.
863 4167 895 4220 B.

501 4253 665 4324 'gemellis
686 4256 717 4309 B.
