4282 4890
563 291 619 350 ιε
648 290 794 351 aaran
822 291 882 350 oa
911 291 1220 352 swrn'rranorrr.
1527 295 1565 371 19

215 486 378 558 consensit
394 492 645 576 parliamentum
667 494 868 560 Francorum
889 495 987 577 quod,
1005 493 1032 558 si
1049 514 1108 558 rex
1129 488 1253 578 Anglie
1274 489 1450 577 resignaret
1468 513 1565 559 suum
1584 503 1743 557 antas&

216 613 266 677 ius
296 613 329 678 in
346 613 515 679 ducatum
538 614 702 680 Vasconie
732 624 832 698 atque
861 616 1054 680 comitatum
1084 616 1366 680 Pontiviacensem
1398 614 1565 680 Eduardo
1584 594 1743 702 Propon-lto

215 735 436 819 primogenito
452 754 521 812 su0,
537 734 608 818 ipse
629 755 688 799 rex
709 734 847 801 Francie
866 736 987 802 laceret
1008 736 1192 820 predictum
1216 735 1319 800 filium
1340 735 1426 820 regis
1441 733 1566 820 Anglie
1583 701 1700 831 {ffify

214 857 257 919 de
279 856 433 938 predictis
455 857 575 920 ducatu
598 866 631 920 et
653 857 812 921 comitatu
839 857 960 922 habere
986 856 1118 941 plenam
1141 857 1304 934 seisinam,
1327 867 1501 922 contentus
1523 859 1566 922 de
1583 832 1742 949 ffiffiem

214 973 371 1059 homagio
392 978 482 1059 quod
505 976 548 1041 ab
569 977 686 1041 eodem
707 979 791 1042 duce
810 997 906 1055 novo,
923 977 1047 1043 scilicet
1069 978 1244 1056 Edwardo,
1263 988 1383 1061 nepote
1405 1000 1465 1042 suo
1482 977 1566 1043 soret
1584 963 1718 1081 xtuli*

214 1108 410 1181 recepturus.
456 1097 564 1182 Super
586 1097 650 1162 hiis
673 1119 732 1162 rex
756 1098 902 1164 Karolus
923 1098 1035 1164 literas
1052 1120 1128 1164 suas
1149 1110 1299 1183 patentes
1320 1110 1353 1163 et
1375 1099 1458 1165 alias
1478 1099 1566 1163 misit

213 1219 256 1281 de
277 1216 370 1282 salvo
392 1220 555 1284 conductu
578 1239 639 1302 pro
661 1219 884 1304 primogenito
907 1218 1030 1304 Anglie
1051 1220 1113 1284 sibi
1138 1221 1310 1284 mittendo.
1357 1217 1465 1302 Super
1488 1219 1566 1283 arti-
1586 1223 1710 1304 suntor

213 1337 296 1403 culis
317 1337 488 1422 prelibatis
509 1338 637 1404 fuerant
661 1341 693 1404 in
715 1339 841 1425 Anglia
859 1341 954 1406 multi
977 1352 1136 1406 tractatus
1158 1341 1247 1424 apud
1271 1308 1510 1427 Lange—doricam
1532 1350 1566 1405 et
1584 1289 1760 1434 hwa}-
1799 1324 1868 1412 U
1881 1328 1968 1409 fi

215 1459 405 1537 Dovoriam,
420 1460 664 1525 consulentibus
682 1462 881 1544 quibusdam
904 1464 994 1546 quod
1017 1483 1078 1526 rex
1100 1462 1133 1526 in
1157 1461 1290 1547 propria
1313 1482 1453 1545 persona
1476 1482 1566 1526 marc

213 1580 374 1658 transiret,
397 1592 430 1646 et
456 1580 504 1645 hii
538 1581 727 1666 allegabant
753 1585 843 1665 quod
874 1582 978 1649 multa
1005 1583 1180 1649 infortunia
1209 1581 1278 1647 filio
1309 1583 1403 1666 regis,
1429 1580 1566 1649 Gallicis
1718 1589 1770 1681 χ’
1788 1616 1874 1715 W

304 1701 312 1715 ‚
475 1702 482 1716 ‚
511 1701 518 1716 ,
668 1702 675 1716 ‚
821 1704 829 1718 .
1022 1705 1028 1719 ,
1305 1704 1312 1718 ,
1405 1652 1591 1716 ᾳ
1608 1624 1724 1711 sled

212 1711 331 1766 astutrs
352 1711 386 1766 ct
408 1703 537 1784 cuprdrs
559 1712 723 1784 exposito,
744 1713 847 1786 patrrs
868 1714 902 1768 et
926 1704 1146 1788 Anglrcorum
1170 1713 1378 1788 proteccrone
1395 1705 1565 1780 destituto,

196 1772 564 1906 Mer-e.
609 1819 731 1906 ‘Quis'
755 1824 906 1907 inquiunt
929 1826 1112 1909 ‘proibebit
1134 1847 1245 1910 regem
1270 1825 1472 1890 Francorum
1498 1825 1565 1889 dis·

211 1943 283 2027 pari
303 1943 496 2026 cuicumque
513 1942 592 2008 velit
615 1942 788 2026 parvulum
811 1945 974 2022 maritare,
994 1956 1052 2010 aut
1070 1945 1132 2010 sibi
1153 1956 1337 2011 curatorem
1351 1945 1403 2009 vel
1421 1957 1565 2010 tutorem

211 2063 414 2148 assignarei'
459 2062 537 2128 Istis
566 2063 725 2128 veraciter
762 2077 850 2130 recte
886 2065 1130 2131 consulentibus
1168 2067 1306 2132 comites
1331 2064 1502 2131 Wintonie
1531 2077 1566 2130 et

212 2184 418 2250 Gloucestrie
447 2204 513 2249 non
539 2196 779 2263 consenserunt,
806 2208 866 2269 pro
896 2207 937 2252 eo
965 2189 1054 2271 quod
1085 2207 1151 2253 non
1177 2197 1270 2253 erant
1285 2186 1356 2252 ausi
1386 2208 1461 2252 cum
1489 2208 1566 2271 rege

210 2306 419 2371 transfretare
440 2325 500 2369 nec
527 2303 600 2389 ipso
626 2304 836 2374 transfretato
863 2307 896 2370 in
921 2306 1048 2390 Anglia
1073 2319 1260 2391 expectare,
1286 2318 1422 2392 propter
1448 2327 1564 2372 causas

210 2428 301 2513 prius
319 2427 523 2511 assignatas;
545 2427 673 2510 quibus,
689 2427 722 2491 in
745 2428 891 2512 ipsorum
913 2429 1106 2512 dampnum,
1127 2429 1301 2513 episcopus
1324 2427 1564 2494 Lincolniensis

209 2549 419 2613 vehementer
438 2547 617 2625 assentivit,
639 2568 773 2631 sperans
799 2551 842 2614 ad
864 2549 962 2614 finem
981 2550 1100 2615 deduci
1126 2560 1313 2620 tractatum,
1334 2547 1454 2630 quem¹
1479 2549 1563 2612 inter

211 2671 378 2754 ipsomet
404 2669 553 2753 reginam
577 2689 652 2732 curn
676 2670 833 2753 episcopo
862 2670 1059 2735 Herelordie
1086 2671 1192 2736 fuerat
1221 2668 1436 2747 machinatus,
1465 2678 1502 2733 ut
1529 2670 1562 2733 in

210 2802 304 2876 parte
318 2792 426 2875 tangit
441 2791 541 2855 series
558 2791 748 2874 prescripta.
787 2791 947 2856 Predictis
962 2791 1140 2857 comitibus
1156 2812 1215 2856 rex
1231 2790 1329 2855 nimis
1345 2789 1563 2873 compaciens,
1583 2805 1638 2857 Tne
1648 2805 1710 2873 king

209 2914 394 2996 timensque
415 2933 466 2991 ne,
488 2933 524 2977 se
546 2912 619 2996 ipso
642 2933 778 2997 peregre
799 2913 955 2996 prolecto,
975 2913 1008 2977 in
1031 2912 1177 2996 ipsorum
1200 2912 1359 2978 comitum
1381 2911 1563 2977 exinanici·
1581 2884 1729 3005 w&

208 3055 307 3100 onem
335 3035 492 3100 nobilitas
519 3035 679 3100 baronum
707 3035 824 3099 iterum
851 3035 1014 3100 deseviret
1036 3045 1071 3099 et
1093 3035 1137 3100 ab
1160 3033 1241 3099 olim
1259 3033 1402 3118 sopitam
1427 3033 1562 3098 resusci-

208 3164 295 3220 taret
309 3176 460 3240 guerram
482 3156 681 3235 intestinam,
697 3160 784 3222 unde
801 3156 1047 3222 consulentibus
1067 3157 1157 3239 quod
1178 3153 1305 3220 filium²
1325 3155 1393 3219 eius
1416 3154 1562 3219 mitteret

208 3277 340 3361 prebuit
363 3296 541 3341 assensum.

296 3396 390 3461 Fecit
418 3397 530 3480 itaque
560 3418 619 3462 rex
649 3398 776 3483 prefato
806 3397 956 3464 filiosuo
986 3409 1112 3464 cartam
1142 3397 1185 3462 de
1212 3396 1348 3481 prefatis
1377 3397 1497 3461 ducatu
1527 3406 1561 3460 et
1605 3398 1700 3446 ΜΝ·

208 3519 378 3597 comitatu,
393 3519 554 3584 habendis
574 3529 607 3584 et
627 3521 777 3586 tenendis
797 3520 860 3584 sibi
880 3531 914 3585 et
929 3520 1104 3584 heredibus
1122 3519 1198 3596 suis,
1215 3518 1345 3602 regibus
1363 3517 1561 3601 Anglorum,
1580 3461 1686 3643 {31³3
1694 3529 1728 3594 by

208 3642 334 3707 addens
356 3642 456 3725 quod,
474 3641 511 3719 si,
532 3652 626 3725 patre
647 3663 707 3707 suo
729 3643 913 3727 superstite,
929 3641 1014 3705 filius
1038 3651 1226 3718 moreretur,
1242 3639 1357 3724 predia
1378 3638 1504 3722 prefata
1528 3639 1560 3703 in
1580 3592 1722 3721 rohisiiin,
1750 3657 1755 3667 ·
1780 3678 1796 3745 3

208 3763 311 3846 patris
326 3762 510 3828 dominium
526 3772 770 3839 reverterentur,
786 3784 903 3829 cavens
922 3762 1027 3828 eciam
1043 3783 1102 3846 per
1116 3762 1278 3845 quasdam
1296 3761 1505 3825 condiciones
1520 3779 1562 3822 ne
1580 3723 1676 3832 {Sept

208 3905 267 3948 rex
289 3883 427 3949 Francie
445 3893 557 3968 posset
577 3884 685 3968 ipsum
706 3879 940 3974 E[dwardum]
962 3885 1117 3950 maritare
1139 3894 1195 3948 aut
1210 3882 1313 3947 tutori
1333 3882 1401 3946 sive
1419 3879 1560 3946 curatori

208 4005 361 4088 cuiquam
383 4006 586 4071 submittere.
632 4005 706 4072 Hec
728 4007 897 4072 ordinacio
916 4008 978 4073 luit
999 4008 1087 4073 sacta
1108 4027 1153 4071 ex
1175 4025 1333 4072 consensu
1359 4003 1559 4088 prelatorum

207 4138 240 4192 et
259 4125 399 4192 aliorum
418 4129 508 4212 regni
527 4128 688 4195 nobilium
708 4129 797 4214 apud
821 4129 1012 4208 Dovoriam,
1031 4129 1063 4194 in
1083 4127 1227 4196 crastino
1246 4125 1441 4193 Natiuitatis
1463 4124 1560 4190 beate

632 4262 642 4296 ¹
661 4265 746 4337 quod.
760 4269 791 4329 B.
1004 4265 1015 4298 ²
1034 4265 1116 4323 filius.
1136 4268 1168 4322 B.

852 4386 876 4436 D
897 4389 915 4436 2
