4282 4890
604 303 659 357 LE
680 303 827 357 BAKER
848 303 910 357 DE
930 304 955 357 S
961 304 999 356 W
1004 303 1240 360 VNEBROKE.
1349 274 1353 281 Ι
1536 313 1598 380 173

335 514 540 566 M.ccc.xxx.
602 500 766 565 Dominus
804 501 1001 579 Edwardus,¹
1030 504 1102 567 dux
1141 502 1306 568 Comubie
1342 504 1475 587 primuS,
1508 506 1598 590 apud

246 619 453 686 Wodestoke
470 628 540 686 xv0.
557 623 611 686 die
628 622 713 686 lunii
729 624 772 687 de
788 623 942 707 Philippa
958 624 1072 707 regina
1088 625 1240 689 nascitur.
1473 626 1554 709 xvij.

334 744 562 826 mcccxxxij.
604 745 752 809 Domina
766 745 917 823 Isabella,
927 745 995 811 filia
1011 747 1105 831 regis,
1121 747 1164 810 de
1180 745 1333 829 Philippa
1348 747 1460 831 regina
1475 747 1600 831 Anglie

245 865 335 949 apud
358 863 565 930 Wodestoke
587 851 739 930 nascitur.
1500 890 1555 933 xv.

334 985 575 1069 mcccxxxiij.
631 986 665 1049 A
695 985 923 1050 discumfitura
952 984 1039 1051 lacta
1069 988 1158 1069 apud
1187 986 1385 1062 Glastmore,
1411 988 1465 1053 die
1494 990 1600 1055 sancti

246 1105 422 1171 Laurencii
438 1107 588 1184 martiris,
598 1058 1095 1190 contra'W-*pmrdcmtinos
1113 1108 1296 1172 Henricum
1308 1111 1349 1173 de
1367 1108 1460 1174 Bello
1477 1122 1599 1187 monte,

247 1228 428 1293 Ricardum
444 1227 600 1304 Talboth,
616 1228 773 1292 baronem
789 1229 833 1292 de
852 1227 1010 1302 Stafford,
1023 1238 1057 1291 et
1073 1228 1165 1306 alios,
1181 1229 1237 1293 ubi
1250 1230 1437 1295 ceciderunt
1453 1231 1598 1313 quinque

1451 1321 1595 1348 m

246 1347 547 1451 miligjcotorum,
570 1370 590 1413 a
621 1348 752 1413 duobus
775 1348 908 1412 milibus
935 1347 1600 1461 Anglorumfflmiraculpffimffiur,

246 1469 416 1575 irtterfficti,
425 1469 569 1534 dominis
584 1430 1114 1534 comffilssl'e‘i‘t‘i'ul'c‘ole
1130 1470 1197 1535 filio
1210 1470 1337 1535 Warini
1352 1471 1599 1536 auxiliantibus.

247 1590 468 1656 Commissum
486 1601 535 1655 est
550 1611 649 1674 grave
664 1589 813 1673 prelium,
829 1590 941 1672 vigilia
953 1601 1066 1655 sancte
1080 1591 1277 1674 Margarete,
1291 1592 1377 1657 inter
1394 1593 1600 1658 Edwardum

245 1733 354 1796 regem
382 1711 506 1794 Anglie
530 1722 563 1776 et
586 1712 768 1776 exercitum
795 1710 983 1788 Scotorum,
1008 1712 1041 1775 in
1067 1709 1142 1776 loco
1165 1713 1221 1795 qui
1244 1713 1364 1778 dicitur
1378 1714 1609 1835 Q

246 1835 340 1898 iuxta
364 1832 565 1917 Berewyke3
589 1833 645 1897 ubi
667 1833 786 1897 eccidit
810 1853 930 1916 magna
953 1854 1028 1918 pars
1052 1831 1172 1899 milicie
1197 1833 1381 1912 Scotorum,
1405 1856 1481 1900 cum
1505 1836 1599 1899 innu-

246 1954 395 2020 merabili
411 1954 620 2018 multitudine
636 1953 797 2037 peditum,
813 1963 847 2017 et
867 1965 966 2037 capta
984 1966 1054 2019 erat
1069 1953 1148 2018 villa
1168 1956 1210 2020 de
1233 1955 1415 2038 Berewyke
1430 1977 1505 2021 cum
1527 1976 1598 2021 cas·

245 2076 324 2141 tello
339 2096 399 2160 per
413 2075 584 2140 dominum
603 2074 814 2149 Edwardum,
831 2095 943 2158 regem
959 2075 1173 2139 antedictum.
1472 2077 1554 2160 xiiij.

333 2195 571 2278 M.ccc.xxxvj.
618 2195 695 2260 Rex
719 2195 905 2260 Edwardus
927 2197 1033 2261 tenuit
1056 2195 1308 2279 parliamentum
1325 2197 1519 2277 Londoniis‚
1538 2198 1598 2280 xij.

244 2319 299 2384 die
314 2318 439 2394 Marcii,
455 2318 486 2381 in
502 2338 569 2400 quo
584 2317 659 2382 lecit
677 2317 879 2381 Edwardum
896 2316 999 2381 filium
1015 2337 1112 2380 suum
1127 2319 1245 2382 ducem
1263 2318 1440 2399 Cornubie,
1456 2331 1488 2384 et
1504 2320 1600 2402 quin-

244 2460 309 2522 que
323 2439 462 2504 comites
478 2439 520 2502 de
540 2459 626 2503 novo
640 2438 773 2514 creavit,
788 2437 942 2502 videlicet
964 2437 1118 2502 dominos
1136 2438 1318 2504 Henricum
1340 2441 1383 2504 de
1404 2440 1600 2505 Lancastria

128 2592 132 2598 ·
244 2560 400 2626 comitem
421 2559 585 2642 Derbeye,
600 2558 805 2622 Willelmum
827 2560 870 2622 de
892 2558 1009 2622 Bohun
1025 2558 1179 2623 comitem
1204 2558 1457 2637 Norhamtonie,
1472 2560 1600 2625 Willel-

245 2702 336 2746 mum
360 2680 402 2744 de
425 2679 543 2745 Monte
566 2690 664 2744 acuto
687 2680 842 2744 comitem
866 2678 1056 2754 Sarisburie,
1074 2679 1599 2791 Q

245 2801 460 2913 Queegtrie,
476 2810 510 2865 et
524 2799 728 2865 Willelmum
743 2802 787 2865 de
803 2800 969 2883 Clyntone
984 2800 1140 2865 comitem
1159 2801 1435 2883 Huntynkdonie.
1506 2801 1553 2884 xj.

211 3084 214 3089 -
331 3044 587 3109 Memorandum
607 3044 696 3128 quod
718 3045 772 3108 die
791 3044 938 3121 Veneris,
955 3045 987 3106 in
1007 3042 1093 3107 festo
1117 3054 1229 3108 sancte
1251 3044 1438 3128 Margarete
1453 3046 1597 3131 virginis,
1640 3068 1659 3116 r.
1671 3065 1746 3117 ιω».

243 3166 333 3233 aud
358 3167 521 3305 Osene‘e,
540 3186 627 3230 anno
652 3165 787 3229 Domini
806 3161 1025 3262 M¹.ccc.xlvi‘.
1050 3174 1084 3228 et
1106 3186 1194 3228 anno
1218 3166 1309 3275 περὶ
1333 3167 1417 3249 regis
1441 3168 1599 3233 Edwardi
1680 3208 1708 3260 ιΙ

259 3307 336 3353 eren
351 3308 372 3351 a
391 3307 432 3353 co
455 3297 574 3369 questo
594 3285 690 3369 xxj0,
717 3285 781 3350 Gal
795 3286 884 3349 rid'us
907 3285 937 3349 le
956 3285 1064 3349 Baker
1080 3285 1122 3349 de
1144 3285 1199 3349 Sw
1224 3286 1370 3351 nebroke
1394 3287 1540 3368 clericus,
1556 3289 1598 3354 ad
1688 3362 1693 3369 ,

1655 3232 1761 3362 Ρ·

243 3419 396 3560 ῐέαῑυῐη
413 3386 539 3473 bomini
562 3390 684 3472 lhome
699 3406 787 3472 dela
803 3406 908 3484 More,
924 3406 1045 3483 militis,
1061 3407 1190 3490 scripsit
1206 3407 1294 3472 istud
1310 3409 1419 3472 cronic
1456 3428 1520 3474 um·
1664 3310 1975 3596 *VM

1765 3601 1783 3631 δ

250 3688 260 3699 .
331 3635 587 3700 Memorandum
604 3633 693 3716 quod
711 3631 765 3696 ille
780 3633 1006 3697 sanctissimus
1021 3633 1125 3697 abbas
1142 3632 1314 3714 Ioachym,
1328 3635 1522 3711 monachus,
1538 3635 1597 3699 de·
1849 3650 1923 3713 rav

243 3757 372 3840 scripsit
385 3757 545 3820 mundum
558 3775 617 3838 per
627 3755 739 3819 literas
749 3753 917 3838 alphabeti
927 3754 1132 3832 duraturum,
1145 3767 1178 3818 et
1191 3753 1303 3837 posuit
1314 3774 1487 3819 numerum
1499 3776 1599 3840 super
1772 3744 1817 3847 (p
1826 3796 1856 3875 f
1869 3824 1877 3837 ,
1907 3696 1969 3849 ,l

243 3876 426 3962 quamlibet
439 3875 568 3941 literam
581 3896 608 3940 c.
625 3896 738 3940 annos.
768 3875 813 3938 Et
829 3874 944 3958 incipit
957 3896 977 3938 a
989 3875 1124 3957 quando
1138 3874 1248 3939 Roma
1261 3876 1369 3958 primo
1380 3874 1442 3941 luit
1454 3878 1597 3954 condita,
1825 3880 1832 3887 '

243 4019 347 4087 usque
366 3999 545 4062 adventum
563 3995 685 4060 Christi
698 4021 705 4073 ;
730 3997 776 4060 ita
791 3996 891 4078 quod,
907 3997 1133 4079 computando
1148 4017 1168 4060 a
1184 3996 1292 4079 prima
1308 3996 1402 4060 litera
1417 3997 1598 4081 alphabeti,

242 4119 396 4185 videlicet
410 4119 455 4196 A,
470 4130 504 4184 et
518 4119 564 4183 sic
579 4118 745 4201 gradatim
761 4137 865 4200 usque
886 4116 1015 4182 literam
1033 4117 1079 4191 H,
1095 4117 1176 4182 dicit
1197 4116 1366 4182 Christum
1385 4139 1484 4202 super
1506 4119 1596 4183 illam
1714 4132 1735 4146 ‘
1767 4140 1775 4167 r
1893 4146 1908 4159 ··

232 4240 371 4335 ‚literam
395 4261 439 4305 ex
454 4239 592 4322 Virgine
611 4260 682 4304 esse
707 4250 832 4303 natum.
879 4238 933 4315 Et,
957 4260 977 4304 a
999 4239 1148 4322 predicta
1171 4238 1266 4303 litera
1294 4239 1339 4317 H,
1362 4259 1475 4304 sumus
1498 4262 1597 4324 super

1363 4360 1599 4385 Μ
