4282 4890
633 303 690 357 LE
712 301 857 356 BAKER
877 301 937 356 DE
958 302 984 356 S
989 301 1268 358 Wl'll'EBROKE.
1566 305 1623 373 117

273 497 476 579 associatus¹,
488 499 604 566 didicit
615 501 659 565 ab
672 499 726 564 illa
736 499 792 563 ubi
804 509 895 564 trans
907 499 1029 564 fossam
1042 498 1257 583 principalem
1270 520 1290 564 a
1302 498 1506 613 sundgpsse
1519 498 1624 562 fuerat
1643 515 1677 565 A.
1679 516 1713 564 1).
1720 513 1799 563 13⁵2.

275 644 386 687 murus
399 621 584 700 fabricatus
596 620 777 688 latitudinis
789 623 930 688 duorum
943 622 1075 704 pedum
1085 631 1289 704 protensusa
1322 641 1485 728 aggere
1453 622 1496 685 ad
1509 617 1624 684 oram²
1674 607 1773 669 Τ-
1837 666 1851 683 .-

275 742 386 808 sosse'
377 743 573 818 interiorem,
589 742 599 805 i
601 754 635 807 ta
651 744 784 826 quidem
801 743 894 826 aquis
909 751 1044 826 opertus
1056 743 1145 824 quod
1157 762 1223 805 non
1233 741 1415 819 videbatur
1431 751 1480 806 set
1496 762 1561 805 non
1579 742 1626 806 ita
1694 718 1698 723 ⁵

274 865 462 929 submersus
477 863 556 946 quin
572 865 696 928 vadens
714 863 879 948 perillum
895 864 954 927 vix
966 863 1082 946 genuis
1093 863 1297 946 contingeret
1309 883 1393 945 aque
1411 861 1626 946 superficiem,

275 984 380 1049 sactus
403 985 571 1066 quondam
594 986 637 1049 ad
664 1005 798 1068 operam
829 985 1039 1069 piscatorum,
1062 994 1095 1048 et
1123 984 1233 1048 ideo
1225 1005 1257 1047 rn
1281 984 1391 1049 medio
1413 985 1456 1048 ad
1478 984 1626 1068 spacium
1809 1050 1815 1065 ,

275 1107 417 1170 duorum
429 1106 551 1189 pedum
561 1105 851 1171 drscontrnuatussi
870 1105 993 1170 Adhuc
1007 1105 1062 1169 rlla
1072 1104 1147 1169 seda
1157 1106 1326 1188 prodente
1341 1104 1476 1170 mctrtus
1486 1114 1536 1169 est
1551 1125 1671 1170 cum·
1670 1078 1700 1129 ‘¹‘
1762 1072 1819 1137 λ’
1856 1112 1871 1125 ·“
1914 1084 1918 1097 ’

275 1225 333 1290 filo
344 1225 553 1291 altitudinem
566 1226 735 1291 muralem.
782 1226 858 1291 Istis
871 1225 1020 1310 cognitis,
1036 1247 1102 1289 una
1117 1225 1243 1289 dierum
1256 1227 1297 1290 de
1307 1246 1402 1291 muro
1418 1226 1536 1310 lapsuS,
1553 1220 1684 1290 Deo'

186 1301 194 1347 l

132 1350 256 1438 Α..
276 1346 481 1422 commissus,
500 1369 559 1431 per
578 1348 744 1414 occultum
768 1368 898 1412 murum
922 1346 1086 1431 prelatum
1109 1347 1238 1412 transiit
1262 1346 1393 1423 sossam,
1408 1359 1451 1426 et,
1466 1308 1643 1431 usque-d

197 1438 208 1529 l
276 1466 449 1552 vesperum
442 1466 602 1533 '''latens
593 1490 625 1532 m
647 1490 804 1547 maresco,
827 1470 869 1533 de
890 1479 987 1533 nocte
1004 1468 1093 1532 venit
1116 1489 1220 1552 prope
1244 1467 1416 1548 Calesiam,
1437 1470 1493 1534 ubi
1508 1490 1628 1553 expec-

278 1601 352 1655 tans
368 1590 491 1655 clarum
508 1591 596 1654 diem
613 1586 713 1656 tunc¹
731 1589 886 1667 introivit,
902 1589 983 1654 alias
1000 1589 1135 1653 minime
1155 1590 1369 1673 recipiendus.
1416 1590 1483 1656 Hic
1498 1588 1629 1656 edocuit

277 1711 510 1822 Q
523 1721 556 1775 et
575 1710 704 1776 furandi
720 1708 839 1777 castri1
855 1711 974 1796 prelati
993 1732 1060 1794 quo
1076 1711 1238 1794 ingressus
1257 1721 1384 1795 pateret
1400 1711 1546 1784 illis.><F
1548 1712 1631 1777 actis

279 1832 377 1917 igitur
403 1831 498 1898 scalis
524 1834 567 1897 ad
594 1854 779 1898 mensuram
806 1853 864 1917 per
890 1825 981 1896 illum
1008 1842 1171 1910 taxatam,
1201 1831 1338 1916 triginta
1360 1832 1421 1896 viri
1444 1833 1633 1916 conspirati,

277 1953 378 2019 armis
396 1953 497 2036 nigris
517 1953 642 2036 absque
661 1954 835 2038 splendore
855 1953 1011 2037 cooperti,
1026 1954 1068 2018 de
1083 1963 1179 2018 nocte
1197 1964 1351 2031 castrum,
1371 1955 1455 2020 duce
1476 1955 1632 2032 Iohanne,
1690 2006 1698 2027 ,
1807 2020 1814 2045 .·

147 2158 151 2167 ¹
192 2106 220 2169 fg
278 2074 459 2152 adiverunt,
475 2084 583 2157 atque,
600 2095 728 2139 murum
744 2076 840 2142 scalis
855 2074 1032 2187 conscensi,
1047 2074 1323 2169 speculatorem
1292 2098 1322 2140 a
1337 2097 1414 2141 casu
1426 2096 1485 2141 ens
1496 2077 1630 2141 obvium
1667 2060 1685 2145 ,”
1720 2126 1723 2141 .
1799 2078 1805 2097 ’

278 2194 489 2279 incipientem
529 2195 716 2260 exclamare
755 2162 1004 2262 excerebratum
1047 2195 1187 2280 precipit
1174 2206 1281 2261 tarent
1325 2196 1357 2259 in
1399 2196 1631 2281 profundum³

278 2315 446 2379 Deinde
437 2336 469 2378 m
494 2315 568 2379 aula
595 2316 751 2380 multos
742 2336 889 2394 mermes,
908 2318 951 2381 ad
979 2317 1081 2381 instar
1104 2317 1215 2381 ovium
1239 2317 1271 2380 in
1288 2317 1456 2400 presencia
1479 2317 1631 2402 luporum

278 2435 449 2513 attonitos,
478 2434 683 2500 trucidarunt
714 2436 870 2513 inventos,
899 2447 957 2501 aut
990 2437 1034 2501 ad
1063 2436 1289 2521 scaklrartum
1298 2447 1357 2503 aut
1386 2439 1441 2541 ad
1447 2438 1632 2545 hasardum
1687 2438 1707 2494 ’ἐ
1730 2416 1740 2433 ”
1818 2462 1854 2475 ··

279 2554 505 2621 conludentes.
551 2554 681 2620 Deinde
706 2565 819 2620 contra
845 2528 1015 2621 dominas
1020 2539 1068 2621 et
1088 2557 1251 2639 quosdam
1277 2522 1420 2622 milites
1423 2522 1633 2623 dormientes

280 2644 456 2743 casmenas
442 2685 475 2740 et
490 2685 595 2740 turres
611 2676 772 2741 faciliter'
763 2676 908 2759 rngressi,
929 2675 1007 2741 sacti
1027 2686 1104 2740 sunt
1127 2676 1275 2760 magistri
1296 2678 1524 2762 omniumque
1543 2679 1632 2745 vole·

280 2800 373 2864 bant
419 2795 557 2862 Inclusis
583 2797 718 2862 tandem
743 2797 897 2862 omnibus
923 2797 1029 2880 captis
1056 2798 1089 2861 in
1116 2818 1181 2863 una
1206 2818 1337 2864 camera
1366 2797 1507 2877 forciori‚
1532 2801 1633 2865 armis

281 2875 434 2985 omnibus
448 2917 608 3002 spoliatis,
622 2916 784 3001 Anglicos
800 2918 1015 3032 Q
1036 2919 1079 2983 ab
1097 2939 1183 2983 anno
1199 2919 1299 3002 priori
1320 2919 1484 2995 liberatos,
1507 2921 1634 2987 cibatos

281 3051 315 3105 et
329 3050 482 3117 armatos,
497 3039 564 3104 suis
578 3040 747 3122 quondam
764 3038 928 3123 magistris
938 3039 1150 3124 prefecerunt,
1162 3049 1194 3104 et
1210 3038 1255 3105 sic
1265 3040 1399 3105 demum
1410 3062 1523 3106 omnes
1535 3043 1633 3108 castri

282 3160 484 3226 municiones
507 3169 699 3244 ocuparunt‚
723 3161 949 3244 ignorantibus
972 3160 1043 3235 illis,
1059 3161 1115 3244 qui
1132 3161 1164 3224 in
1185 3160 1264 3226 villa
1285 3160 1522 3227 reedificacioni
1545 3164 1634 3228 diru-

281 3294 391 3348 torum
407 3290 499 3345 erant
514 3280 657 3364 prefecti,
669 3281 749 3365 quid
759 3281 944 3347 castellanis
953 3281 1174 3365 contingebat.
1209 3281 1248 3345 In
1263 3282 1405 3347 crastino
1420 3294 1635 3368 preceperunt

282 3402 496 3489 operantibus
511 3378 638 3467 invilla
658 3403 701 3467 ab
722 3423 823 3487 opere
844 3424 979 3481 cessare,
998 3403 1065 3486 qui,
1088 3423 1147 3486 per
1169 3402 1232 3467 hoc
1255 3411 1335 3467 nota
1357 3404 1454 3468 castri
1470 3406 1634 3488 capcione,

282 3524 428 3590 celeriter
451 3523 622 3605 sugerunt3
652 3534 686 3589 et
711 3525 787 3590 novi
811 3524 979 3592 castellani
1003 3524 1155 3589 dominas
1181 3523 1329 3588 inventas
1355 3535 1521 3607 equestres
1544 3527 1635 3592 abire

282 3645 509 3730 permiserunt,
531 3665 606 3710 cum
629 3665 741 3709 earum
763 3643 879 3712 robis⁴
901 3655 935 3710 et
957 3646 1055 3711 cartis
1079 3655 1179 3728 atque
1198 3644 1408 3709 munimentis
1430 3647 1549 3728 quibus
1575 3669 1635 3714 sua

285 3764 426 3831 leodalia
441 3775 551 3830 tenere
566 3765 767 3870 deberent.)

372 3886 502 3950 Eodem
518 3885 573 3951 die
587 3897 843 3971 supervenerunt
858 3888 917 3953 eiis
932 3888 965 3952 in
980 3887 1142 3953 auxilium
1158 3887 1294 3971 quidam
1312 3886 1441 3953 invitati
1456 3909 1476 3953 a
1496 3887 1635 3969 Calesia,

284 4007 402 4091 quibus
417 4005 557 4072 fideliter
574 4007 829 4095 astipulantibus
851 4020 993 4076 castrum
1017 4031 1128 4076 secure
1150 4019 1323 4074 tenuerunt
1337 4033 1346 4087 3
1368 4019 1401 4074 et
1417 4010 1502 4075 circa
1518 4010 1634 4076 horam

189 4110 194 4125 ⁸
284 4128 418 4195 terciam
434 4139 592 4194 venerunt
607 4129 698 4194 missi
714 4152 734 4195 a
749 4131 871 4197 comite
882 4133 924 4198 de
939 4130 1053 4216 Gynes
1064 4134 1132 4196 duo
1148 4130 1277 4219 milites,
1287 4130 1352 4213 qui,
1362 4130 1473 4214 petitis
1486 4131 1634 4213 induciis,

357 4275 366 4309 ¹
386 4294 440 4332 om.
455 4278 486 4334 C.
642 4276 779 4336 ²horam.
798 4283 831 4337 Β.
845 4283 877 4339 C.
1001 4278 1013 4313 ⁸
1030 4282 1063 4336 in
1073 4277 1166 4352 mſs]
1181 4295 1235 4334 om.
1253 4281 1286 4335 Β.
1411 4277 1421 4310 ⁴
1438 4279 1547 4335 robure.
1567 4280 1598 4335 C.
