4282 4890
477 276 539 338 160
884 279 1194 337 CHRONICULUM
1215 277 1420 334 GALFRIDI

475 490 661 545 coronatus.
707 479 752 543 Et
779 480 897 544 beatus
920 478 1036 544 Petrus
1061 477 1267 543 Clementem
1294 474 1460 561 elegerat¹
1491 476 1522 539 in
1554 498 1687 560 papam,
1702 485 1827 543 'tamen

476 600 545 683 ipse
561 600 683 664 Linum
700 611 734 665 et
750 598 958 665 Clementem
974 612 1051 665 ante
1067 600 1174 684 ipsum
1191 598 1385 684 pontificare
1401 598 1517 681 coegit.
1579 598 1783 681 mcc-lxxvi

475 788 488 821 ἣ
561 719 683 804 lxxxij.
730 720 870 786 Sanctus
889 720 1005 786 Cletus
1028 721 1138 785 Rome
1160 719 1385 805 apostolatum
1408 721 1543 803 accepit,
1560 730 1594 784 et
1614 718 1686 802 xxj.
1703 719 1828 803 presbi-

475 850 565 905 teros
582 842 704 906 ibidem
720 842 891 921 ordinavit,
907 851 950 920 et,
967 862 1042 908 cum
1058 842 1197 907 sedisset
1213 862 1272 905 xx.
1289 841 1391 918 annis,
1408 840 1555 905 martirio
1571 850 1757 905 coronatus.

1619 960 1785 1026 mcc-lxv.

562 1081 650 1164 xciij.
697 1082 820 1148 Beatus
843 1082 996 1148 Clemens
1018 1095 1156 1167 quartus
1178 1105 1266 1169 papa
1294 1084 1402 1147 Rome
1425 1080 1649 1165 apostolatum
1675 1083 1830 1165 suscepit,

457 1213 518 1299 ιεἴ,
534 1224 610 1268 cum
627 1204 749 1269 ibidem
765 1206 904 1271 sedisset
923 1207 967 1269 ix.
984 1207 1086 1280 annis,
1104 1204 1250 1270 martirio
1265 1215 1315 1269 est
1330 1215 1518 1269 coronatus.
1619 1203 1786 1286 mccliiij.

562 1325 660 1406 xcvij.
707 1325 871 1391 Iohannes
887 1326 1097 1410 ewangelista
1120 1326 1153 1389 in
1170 1326 1305 1390 Patmos
1321 1323 1427 1389 insula
1447 1324 1509 1387 sub
1526 1323 1724 1389 Domiciano
1748 1323 1830 1388 rele-

477 1455 583 1529 gatur.
630 1445 675 1512 Et
691 1447 845 1529 proximo
864 1468 951 1512 anno
966 1448 1008 1511 de
1024 1447 1127 1511 exilio
1142 1448 1185 1511 ad
1202 1445 1374 1530 Ephesum
1391 1445 1573 1510 revertitur.
1667 1444 1785 1510 M.Cc.l.

565 1566 677 1650 exvij.
723 1566 846 1631 Beatus
871 1566 1035 1632 Iohannes
1059 1566 1229 1651 apostolus
1258 1577 1292 1631 et
1322 1564 1534 1649 evangelista,
1565 1588 1585 1629 a
1614 1565 1762 1630 Domino
1786 1567 1828 1629 ad

478 1687 600 1753 celeste
614 1688 800 1752 convivium
816 1689 980 1763 invitatus,
1000 1689 1032 1752 in
1048 1707 1130 1771 pace
1146 1687 1315 1771 requievit.
1603 1701 1785 1752 M.Cc.xxx.

565 1806 666 1873 clxv.
712 1808 897 1874 Annicetus
911 1830 999 1893 papa
1016 1810 1133 1873 statuit
1150 1819 1187 1874 ut
1202 1808 1309 1874 clerici
1327 1802 1417 1895 [nec]
1434 1827 1564 1873 comam
1578 1780 1759 1873 innutriant
1771 1828 1830 1873 nec

478 1929 626 2008 barbam,
641 1939 691 1993 set
706 1929 796 2013 quod
811 1949 926 1995 omnes
940 1929 1086 1995 habeant
1101 1950 1239 1995 coronas
1254 1929 1297 1994 ad
1314 1928 1452 1994 modum
1469 1949 1564 2011 spere
1581 1930 1749 1994 rotundas.

1592 2049 1788 2134 M.c.lxxxij.

567 2169 692 2235 cc.xlv.
721 2170 893 2254 Philippus
908 2170 997 2254 xlij¹¹¹
1009 2170 1190 2256 imperator
1200 2181 1271 2237 erat
1286 2170 1411 2255 primus
1423 2170 1602 2253 imperator
1615 2169 1831 2247 Christianus,

468 2312 498 2355 ,α
513 2292 612 2356 beato
629 2291 750 2357 Poncio
763 2292 895 2357 martire
909 2292 1104 2376 baptizatus.
1150 2293 1304 2377 Origines
1327 2291 1447 2356 floruit.
1680 2293 1788 2376 M.c.ij.

568 2411 695 2495 cclxij.
755 2412 879 2479 Beatus
917 2412 1034 2479 Sixtus
1067 2414 1175 2480 Rome
1212 2415 1437 2498 apostolatum
1475 2415 1627 2499 suscepit,
1661 2414 1727 2489 ubi,
1757 2434 1832 2480 cum

480 2533 620 2599 sedisset
642 2534 710 2599 iere
731 2532 775 2617 iij.
798 2535 901 2613 annis,
923 2554 999 2601 curn
1022 2538 1144 2601 sanctis
1166 2536 1368 2601 Felicissimo
1391 2547 1424 2601 et
1447 2536 1608 2620 Agapito,
1631 2535 1719 2599 iussu
1739 2535 1832 2600 Decii

482 2657 689 2740 imperatoris
705 2654 895 2721 decollatur.
941 2655 1072 2720 Eodem
1095 2677 1183 2722 anno
1204 2667 1238 2722 et
1260 2657 1324 2723 sub
1345 2657 1463 2722 eodem
1488 2667 1698 2742 persecutore
1715 2657 1833 2722 beatus

484 2777 685 2844 Laurencius
702 2778 933 2843 martirizatus.
1627 2776 1788 2842 mlxxxv.

569 2897 669 2980 ccci.
714 2898 810 2963 Beati
825 2898 1031 2973 Vincencius,
1048 2898 1234 2978 Gervasius,
1250 2909 1283 2963 et
1300 2899 1500 2974 Prothasius‚
1516 2899 1712 2983 Gorgonius,
1729 2899 1832 2982 Quin-

481 3021 579 3094 tinus,
599 3020 813 3104 Grisogonus
838 3021 1027 3094 Anastasia,
1050 3019 1176 3103 Agnes,
1200 3032 1233 3086 et
1257 3021 1355 3087 beata
1377 3019 1525 3104 Agatha,
1547 3021 1610 3085 sub
1631 3020 1834 3086 Diocliciano

482 3140 673 3205 martirizati
689 3151 774 3205 sunt.
1666 3142 1789 3225 mxlvj.

572 3260 697 3343 ccciij.
731 3259 829 3323 Miles
846 3259 980 3338 Christi,
994 3260 1158 3344 gloriosus
1179 3262 1293 3326 martir
1308 3261 1480 3346 Georgius,
1494 3263 1557 3326 sub
1572 3261 1778 3327 Diocliciano
1801 3271 1836 3326 et

486 3382 693 3448 Maximiano
709 3348 1852 3466 imm-W

482 3404 1247 3589 mmo
1268 3504 1454 3584 Maxencio,
1469 3504 1662 3588 impiissimo
1684 3525 1835 3588 persecu·

482 3636 556 3691 tore
573 3624 844 3700 Christianorum,
860 3622 1051 3691 decollatur.
1607 3625 1791 3707 mxxxviij.

569 3762 682 3813 eccae.
728 3746 892 3812 Eusebius
913 3768 1000 3831 papa
1020 3746 1109 3830 apud
1133 3747 1279 3813 Romam
1298 3746 1527 3832 pontificatum
1546 3747 1681 3831 accepit.
1728 3746 1836 3810 Huius

483 3881 634 3955 tempore
660 3869 792 3934 inventa
816 3869 878 3933 suit
903 3879 1018 3934 sancta
1043 3889 1147 3948 crux;
1183 3878 1216 3934 et
1239 3870 1316 3934 ideo
1339 3869 1480 3934 instituit
1513 3869 1738 3935 invencionem
1767 3869 1837 3933 eius

482 3990 649 4057 celebrari.
1056 3970 1059 3976 ι
1598 3989 1791 4073 n.xxxvij³.

570 4124 706 4177 ccc.xv.
751 4110 785 4176 A
806 4112 1054 4177 consecracione
1070 4111 1251 4176 beatissimi
1269 4109 1426 4188 Silvestri‚
1442 4112 1533 4176 urbis
1552 4112 1662 4176 Rome
1681 4110 1837 4194 episcopi.

483 4234 610 4301 Omnes
626 4232 770 4298 Romani
787 4232 932 4317 episcopi
948 4243 1026 4298 ante
1042 4233 1141 4298 istum
1158 4233 1306 4299 martirio
1320 4231 1596 4299 coronabantur⁴.
1641 4230 1792 4314 mxxxii.

540 4370 684 4440 ¹eligerit.
705 4371 737 4424 B.
826 4369 1066 4427 ²martirizantur.
1079 4372 1112 4426 B.
1202 4369 1385 4443 ³M.xxxviij.
1404 4373 1436 4426 B.
1525 4370 1739 4426 ‘coronabatur
1752 4371 1784 4426 B.
