4282 4890
319 1657 338 1704 f.
350 1656 411 1704 14⁰.

467 1064 1011 1163 CHRONICULUM
1052 1064 1402 1166 GALFRIDI
1444 1065 1533 1159 LE
1567 1066 1818 1162 BAKER

811 1289 911 1382 DE
952 1288 1464 1463 SWYNQKE.

837 1434 1168 1472 Wa-

552 1655 596 1720 IN
615 1656 798 1740 primordio
819 1656 988 1737 temporis,
1008 1665 1087 1721 ante
1107 1676 1241 1720 omnem
1262 1656 1362 1734 diem,
1378 1656 1471 1720 Deus
1491 1665 1587 1738 pater
1604 1656 1636 1720 in
1658 1656 1761 1720 verbo
1782 1665 1816 1720 et

463 1796 523 1859 per
537 1778 674 1841 verbum
691 1797 787 1841 suum
803 1776 880 1841 iecit
901 1797 944 1840 ex
960 1776 1081 1842 nichilo
1097 1797 1204 1841 rerum
1219 1775 1367 1841 omnium
1385 1776 1567 1851 materiam,
1583 1796 1684 1859 quam
1700 1785 1818 1859 postea

464 1917 523 1980 per
537 1897 580 1980 vj.
596 1898 667 1962 dies
682 1899 790 1963 varios
811 1897 965 1962 distinxit
985 1908 1086 1981 atque
1106 1899 1245 1963 ornavit.
1290 1898 1413 1963 Tribus
1435 1897 1548 1980 itaque
1569 1897 1683 1980 primis
1698 1896 1818 1961 diebus

466 2038 540 2082 eam
556 2017 740 2101 disposuit;
768 2018 939 2100 tribusque
959 2018 1174 2100 sequentibus
1191 2019 1332 2083 eandem
1352 2017 1492 2083 ornavit.
1526 2016 1680 2101 Septimo
1696 2018 1751 2083 die
1771 2019 1815 2082 ab

465 2138 556 2203 omni
579 2159 680 2222 opere
701 2138 790 2221 quod
810 2137 932 2201 lecerat
954 2137 1123 2220 requievit.

553 2259 665 2324 Primo
688 2278 832 2341 namque
855 2257 910 2322 die
932 2257 1010 2323 fecit
1033 2257 1126 2323 Deus
1149 2256 1255 2322 lucem
1279 2259 1312 2321 in
1336 2258 1473 2323 modum
1496 2256 1606 2322 lucide
1628 2257 1735 2333 nubis,
1751 2278 1817 2340 que

464 2380 536 2444 vice
552 2380 631 2444 solis
646 2390 721 2445 ortu
737 2399 798 2443 suo
814 2378 904 2443 diem
920 2379 1042 2443 laceret
1058 2387 1093 2443 et
1108 2399 1226 2444 occasu
1246 2400 1307 2443 suo
1323 2388 1455 2444 noctem
1477 2379 1666 2456 induceret3
1691 2385 1724 2442 et
1740 2397 1816 2442 cum

465 2501 529 2566 ista
552 2500 625 2566 luce
647 2499 755 2584 primo
778 2501 833 2564 die
855 2499 956 2565 creati
979 2508 1056 2563 sunt
1078 2498 1197 2584 augeli.

552 2622 707 2687 Secundo
732 2621 787 2685 die
810 2620 888 2686 secit
919 2621 1011 2685 Deus
1035 2621 1283 2698 firmamentum
1308 2622 1341 2685 in
1367 2621 1479 2685 medio
1505 2640 1675 2704 aquarum,
1701 2620 1735 2684 id
1766 2630 1817 2684 est

464 2744 634 2826 quandam
672 2742 874 2808 exteriorem
908 2741 1023 2805 mundi
1056 2741 1263 2825 superficiem
1294 2764 1337 2807 ex
1368 2742 1464 2825 aquis
1495 2741 1685 2827 congelatis,
1715 2740 1818 2804 instar

346 2880 350 2885 ’
465 2864 600 2930 cristalli
616 2862 794 2929 solidatam
816 2874 849 2927 et
870 2862 1084 2947 perlucidam,
1100 2862 1184 2928 intra
1204 2884 1240 2927 se
1263 2874 1371 2928 cetera
1392 2863 1558 2929 sensibilia
1581 2863 1816 2927 continentem.

466 2986 512 3049 Et
533 2985 652 3050 dicitur
672 2983 927 3059 firmamentum,
950 3004 1016 3048 non
1039 2993 1169 3049 tantum
1192 2993 1330 3068 propter
1351 2983 1561 3063 soliditatem,
1579 2993 1630 3048 set
1652 2983 1729 3067 quia
1751 2994 1815 3047 ter·

465 3107 574 3170 minus
597 3114 648 3170 est
673 3124 844 3188 aquarum,
870 3125 936 3187 que
956 3125 1054 3188 super
1073 3106 1180 3188 ipsum
1203 3114 1288 3184 sunt,
1312 3104 1426 3169 firmus
1444 3114 1479 3169 et
1500 3104 1813 3188 intransgressibilis.

467 3227 593 3292 Dicunt
608 3228 742 3310 quidam
757 3226 847 3310 quod
864 3227 929 3291 isto
944 3226 998 3290 die
1019 3225 1150 3291 Lucifer
1168 3225 1306 3309 angelus
1322 3235 1422 3310 atque
1437 3224 1502 3302 alii,
1516 3226 1572 3308 qui
1593 3246 1654 3289 suo
1676 3225 1816 3290 concilio

464 3358 709 3423 consenserunt,
726 3350 768 3414 de
791 3347 863 3413 celo
885 3358 964 3413 sunt
985 3347 1078 3412 eiecti
1090 3372 1098 3426 ;
1123 3358 1157 3413 et
1179 3347 1255 3412 ideo
1277 3348 1358 3412 feria
1380 3345 1525 3412 secunda
1547 3345 1590 3410 de
1611 3345 1737 3428 angelis
1759 3347 1815 3430 qui

466 3479 693 3535 remansemnt
709 3469 741 3533 in
757 3469 924 3552 aliquibus
942 3468 1088 3534 ecclesiis
1104 3468 1203 3533 missa
1218 3467 1410 3534 celebratur.

551 3591 671 3656 Tercio
693 3593 748 3656 die
770 3591 986 3675 congregavit
1011 3591 1102 3656 Deus
1125 3610 1237 3673 aquas,
1253 3611 1317 3673 que
1340 3590 1401 3655 sub
1423 3588 1634 3653 firmamento
1657 3599 1759 3669 erant,
1782 3589 1815 3654 in

466 3734 568 3778 unum
584 3713 716 3792 locum;
740 3722 774 3779 et
789 3721 868 3778 tunc
891 3712 1045 3796 apparuit
1063 3713 1164 3790 arida,
1181 3711 1214 3776 id
1235 3720 1285 3775 est
1305 3720 1402 3775 terra.
1447 3708 1677 3793 Produxitque
1696 3711 1816 3775 eodem

467 3836 522 3900 die
536 3835 674 3899 herbam
690 3835 851 3898 virentem
873 3844 907 3898 et
925 3832 1099 3898 facientem
1119 3853 1241 3911 semen,
1256 3831 1448 3916 lignumque
1468 3829 1677 3914 pomiferum,
1693 3830 1816 3896 iaciens

465 3958 609 4022 fructum
631 3955 814 4020 secundum
835 3973 940 4038 genus
962 3974 1068 4019 suum.

553 4077 684 4161 Quarto
700 4077 755 4141 die
769 4095 834 4160 que
850 4076 1057 4159 disposuerat
1077 4075 1166 4157 cepit
1182 4093 1297 4139 ornare
1311 4099 1319 4152 ;
1342 4084 1376 4139 et
1392 4073 1476 4138 sicut
1493 4071 1748 4156 disposicionem
1769 4072 1815 4137 sic

465 4210 617 4265 ornatum
633 4220 654 4264 a
669 4197 891 4282 superioribus
912 4196 1087 4273 inchoavit,
1103 4195 1225 4261 scilicet
1248 4217 1268 4259 a
1291 4193 1511 4260 firmamento.
1557 4193 1650 4259 Fecit
1669 4193 1757 4258 enim
1776 4214 1815 4258 ea
