4282 4890
624 304 680 359 LE
702 304 847 360 BAKER
869 305 930 360 DE
950 305 1260 362 SWl'NEBROKE.
1556 300 1616 383 163

284 518 288 525 ·
354 502 507 586 mcxvij.
543 503 669 588 Hugho
683 505 725 570 de
739 504 862 580 Sancto
873 507 1019 586 Victore,
1034 506 1210 572 canonicus
1226 505 1349 571 ordinis
1364 506 1468 572 sancti
1481 506 1618 590 Augus·

267 622 337 703 tini,
355 624 497 691 Parisius
513 624 639 691 claruit.
1415 625 1572 693 ccccxx.l

354 745 560 829 M.C.xxxvij.
605 745 821 812 Theobaldus
843 758 1052 813 consecratus
1080 757 1130 812 est
1153 747 1186 811 in
1210 747 1483 812 Cantuariensem
1508 748 1617 814 archi·

266 867 470 950 episcopum,
486 877 529 944 et,
544 887 619 933 cum
636 869 775 934 sedisset
792 868 900 952 xxiiij.
916 869 1020 948 annis,
1035 869 1129 933 obiit.
1479 882 1570 935 ccsr.

354 988 511 1054 mcxlix.
557 989 719 1073 Magister
746 990 909 1057 Ricardus
931 992 974 1055 de
1001 989 1125 1057 Sancto
1147 989 1283 1056 Victore
1309 1000 1344 1057 et
1367 990 1483 1056 Petrus
1510 990 1615 1057 Lum-

266 1109 399 1185 bardus‚
415 1111 471 1192 qui
487 1110 606 1175 librum
622 1112 863 1179 sentenciamm
880 1113 1077 1196 composuit,
1093 1111 1282 1177 floruerunt.
1428 1111 1572 1195 cxcviii.

354 1231 448 1297 mel.
493 1230 528 1295 A
550 1234 803 1298 consecracione
829 1231 984 1298 Iohannis
1009 1233 1053 1298 de
1080 1233 1237 1315 Pagham,
1263 1233 1409 1317 episcopi
1436 1210 1616 1317 wigornie,

265 1351 323 1434 qui
345 1352 484 1417 contulit
505 1353 672 1419 canonicis
689 1353 843 1437 Oseneye
863 1352 1017 1420 ecclesias
1037 1355 1079 1418 de
1103 1353 1130 1418 B
1157 1355 1242 1436 bury
1257 1364 1291 1419 et
1313 1353 1522 1430 Turkedene,
1539 1374 1614 1418 cum

265 1473 488 1538 advocacrone
510 1473 648 1539 ecclesie
670 1475 713 1539 de
734 1474 850 1558 Resyn
876 1496 960 1553 one;
993 1485 1028 1542 et
1050 1476 1137 1541 sedit
1160 1476 1193 1540 in
1217 1484 1410 1558 episcopatu
1476 1494 1615 1559 ygornre

265 1563 966 1672 W
1438 1596 1570 1680 cxcvii.

353 1715 497 1799 M.c.lxij.
541 1715 578 1782 A
593 1718 841 1783 consecracione
855 1717 960 1782 sancti
976 1716 1107 1783 Thome
1123 1715 1265 1780 martiris
1281 1715 1314 1779 in
1330 1715 1614 1800 archiepiscopum

269 1835 551 1903 Cantuariensem.
1402 1837 1570 1904 αὺωικν.2

352 1959 531 2043 M.c.lxviij.
554 1959 670 2024 Petrus
687 1957 899 2024 Commestor
920 1957 1040 2037 floruit,
1055 1958 1112 2042 qui
1132 1958 1303 2042 utriusque
1318 1959 1529 2025 Testamenti
1544 1959 1612 2024 his·

264 2081 384 2151 toriam
399 2079 608 2148 scolasticam
622 2081 822 2165 compilavit.
1426 2081 1570 2147 clxxix.

352 2202 499 2268 mclxx.
545 2201 669 2268 Beatus
689 2202 849 2278 Thomas,
869 2201 1113 2268 Cantuariensis
1135 2200 1409 2286 archiepiscopus,
1424 2203 1456 2267 in
1477 2201 1616 2271 ecclesia

264 2343 324 2386 sua
340 2322 605 2406 metropolitana,
620 2343 695 2389 cum
711 2324 850 2388 sedisset
865 2324 911 2385 ix.
927 2323 1031 2397 annis,
1048 2322 1277 2389 martirizatur.
1418 2322 1570 2406 clxxvij.

352 2443 582 2526 mccxxxiiij.
627 2443 664 2506 A
690 2443 939 2509 consecracione
963 2442 1068 2507 sancti
1096 2441 1265 2507 Edmundi
1291 2443 1334 2509 de
1360 2442 1554 2526 Abyndone
1581 2444 1616 2507 in

265 2561 538 2627 cantuariensem
561 2561 855 2648 archiepiscopum,
870 2562 937 2646 qui,
953 2582 1029 2627 cum
1052 2562 1191 2627 sedisset
1210 2561 1254 2645 vj.
1269 2564 1371 2641 annis,
1387 2564 1478 2647 apud
1503 2563 1614 2630 Ponti-

263 2684 394 2749 niacum
410 2684 561 2750 decessit.
1463 2683 1569 2767 cxiij.

351 2820 556 2871 M.cc.xxxv.
603 2806 638 2872 A
664 2807 917 2872 consecracione
947 2804 1090 2870 Roberti
1120 2802 1285 2881 Grostete,
1306 2804 1452 2886 episcopi
1480 2804 1613 2870 Lincol-
1657 2859 1660 2865 .

263 2925 392 3007 niensis,
407 2925 474 3012 qui,
493 2947 568 2993 cum
588 2927 763 3012 prefuisset
786 2926 877 3011 xviij.
892 2926 996 3002 annis,
1011 2925 1104 3000 obiit,
1125 2934 1160 2991 et
1181 2924 1270 3006 apud
1295 2922 1501 2990 Lincolniam
1517 2946 1613 3010 sepe-

261 3049 350 3117 litur.
1474 3046 1569 3130 exij.

352 3170 505 3255 M.cc.liij.
551 3170 676 3236 Beatus
694 3170 857 3234 Ricardus
877 3170 920 3233 de
935 3167 1074 3246 Wichio,
1089 3167 1262 3251 episcopus
1279 3165 1447 3244 Cicestrie,
1462 3168 1611 3233 moritun

264 3293 311 3359 Et
325 3313 414 3359 anno
434 3291 639 3376 mcclxxvj.
656 3291 851 3357 transfertur
865 3290 973 3356 dictus
989 3289 1162 3353 Ricardus.
1432 3282 1567 3375 xc[i]iij.

349 3414 488 3480 M.cc.lv.
526 3413 561 3477 A
578 3413 794 3480 crucifixione
815 3411 922 3478 sancti
945 3411 1101 3495 Hugonis
1124 3408 1363 3476 Lincolniensis
1385 3407 1529 3487 iunioris,
1552 3431 1613 3495 per

261 3534 423 3619 perfidos³
440 3535 561 3600 Iudeos
575 3544 773 3619 perpetrata
1490 3531 1567 3615 xcij.

349 3655 541 3739 M.cc.lxiiij.
580 3656 761 3722 Florebant
773 3654 915 3719 Parisius
930 3655 999 3719 duo
1014 3651 1161 3736 theologi
1173 3651 1327 3734 insignes,
1337 3650 1463 3717 scilicet
1477 3661 1611 3718 sanctus

260 3776 411 3842 Thomas
432 3777 475 3842 de
492 3775 651 3860 Alquiuo,
667 3777 710 3843 de
725 3776 840 3855 ordine
858 3775 1114 3850 Predicatorum
1131 3784 1165 3841 et
1180 3771 1282 3839 frater
1301 3771 1542 3851 Bonaventura,
1557 3793 1610 3837 or-

259 3898 345 3964 dinis
361 3897 541 3964 Minorum.
1429 3891 1564 3977 lxxxiij.

347 4019 519 4085 tucclxx.
562 4019 599 4086 A
614 4018 863 4086 consecracione
886 4016 1035 4104 magistri
1058 4016 1198 4084 Roberti
1215 4014 1437 4100 Culwardeby
1451 4014 1485 4079 iu
1500 4013 1608 4082 archi·

260 4142 454 4228 episcopum
472 4139 755 4209 Cantuariensem.
1443 4136 1563 4222 lxxvij.

366 4279 374 4311 ¹
394 4279 512 4350 ccxxiii.
533 4282 565 4336 B.
814 4277 981 4350 ²almuciiij.
996 4280 1028 4334 B.
1277 4274 1446 4346 ³perfidios.
1467 4277 1500 4330 B.

879 4396 903 4448 Y
920 4401 939 4450 2
