4282 4890
193 230 242 281 -ι,
280 254 293 263 --
317 204 402 381 l
488 287 502 331 Ι
509 286 527 334 2
528 288 551 347 4
639 178 684 341 f
928 277 1174 334 cunonucou
1195 279 1399 336 ontrnrnl

627 344 651 433 i

315 483 468 534 AD18⁵4
484 479 671 565 solempnes
694 482 863 566 utriusque
887 482 987 565 regni.
1001 448 1024 565 Ι
1035 478 1169 564 Quippe
1195 499 1215 543 a
1238 479 1340 545 latere
1362 481 1447 566 regis
1468 482 1593 570 Anglie
1616 487 1836 573 iungebantur

342 574 441 588 —

313 613 464 665 Conferenoe
482 602 544 667 ista
567 603 736 686 legacione
759 604 931 689 episcopus
954 602 1183 679 Norwicensis,
1203 602 1274 665 dux
1298 602 1496 684 Lancastrie,
1519 628 1631 675 comes
1653 611 1836 692 Darundel,

312 678 469 796 fflffi
482 732 516 787 et
536 723 591 788 alii
611 724 753 803 milites;
780 726 900 808 quibus
922 723 1075 808 prosectis
1095 722 1300 842 ΨΜ
1321 739 1526 792 accesserunt
1544 731 1832 818 archiepiscopus¹

313 811 435 925 ἓξὲξ..
482 844 748 959 Rotomagensis,
768 848 839 911 dux
859 846 1033 923 Borbonie,
1057 844 1225 909 Galfridus
1248 846 1290 909 de
1313 845 1482 931 Charny²,
1499 860 1533 913 et
1553 851 1608 915 alii
1631 854 1673 917 de
1695 855 1833 921 concilio

312 940 444 1055 &sitm
482 948 709 1031 Francorum?
739 967 863 1033 Omnes
898 967 1006 1032 nuncii
1036 966 1208 1030 suerunt'
1194 983 1231 1030 rn
1261 966 1385 1033 honore
1421 989 1542 1053 magno
1572 977 1717 1058 recepti;
1756 977 1832 1043 duci

1737 1060 1841 1089 *“-

311 1097 468 1147 emmane
481 1087 614 1170 quidem
630 1088 822 1154 Lancastrie
837 1090 1053 1201 obviaverunt
1069 1087 1164 1152 multi
1179 1087 1359 1153 cardinales
1375 1099 1407 1154 et
1422 1092 1578 1177 episcopi,
1591 1097 1648 1177 qui
1665 1119 1685 1161 a
1701 1097 1832 1164 duobus

350 1165 428 1215 1355
482 1168 952 1207 Qun-amman

480 1210 693 1276 miliaribus
684 1232 791 1296 ipsum
815 1178 1051 1277 conduxerant
1069 1211 1112 1274 ad
1137 1208 1197 1273 civi
1199 1219 1303 1274 tatem
1327 1219 1361 1275 et
1389 1211 1570 1332 Q
1533 1217 1713 1282 mdomini
1736 1241 1831 1304 pape
1823 1245 1905 1382 ΚΧ

479 1332 676 1398 Tandem'
667 1356 700 1398 rn
730 1333 925 1400 consistorio
956 1333 1075 1397 summi
1109 1331 1313 1416 pontificis'
1305 1353 1377 1416 rpso
1412 1345 1446 1399 et
1483 1336 1701 1403 cardinalibus
1730 1351 1830 1424 atque

478 1454 604 1521 nunciis
619 1457 789 1540 utriusque
804 1456 1019 1540 presentibus,
1035 1456 1164 1518 luerunt
1183 1455 1336 1538 exposite
1353 1476 1450 1521 cause
1470 1460 1683 1537 nunciorum3
1709 1462 1829 1545 quibus

476 1576 604 1654 auditis,
619 1576 754 1661 Anglici
768 1578 936 1662 pecierunt
955 1575 1188 1641 convenciones
1204 1573 1399 1657 confirmari,
1415 1576 1542 1661 dudum
1558 1581 1647 1663 apud
1664 1579 1828 1690 ΕΜ]

478 1697 563 1762 inter
577 1699 703 1783 seipsos
718 1707 752 1763 et
766 1697 904 1762 nuncios
922 1696 1059 1761 Franeie
1074 1695 1198 1759 ibidem
1215 1706 1382 1779 presentes
1398 1699 1592 1764 constitutas
1602 1699 1623 1762 ³.
1656 1701 1828 1785 Anglicis⁴

477 1816 595 1884 Gallici
611 1820 859 1903 responderunt,
874 1818 964 1901 quod
980 1815 1120 1882 libenter
1137 1816 1259 1881 vellent
1281 1838 1396 1901 pacem
1410 1844 1417 1896 ;
1440 1828 1491 1883 set
1507 1821 1549 1884 de
1564 1820 1771 1904 Aquitannia
1794 1836 1828 1890 et

474 1939 540 2004 de⁶
564 1939 698 2022 prelatis
728 1939 948 2016 comitatibus,
972 1947 1009 2002 ut
1033 1938 1195 2016 dixerunt,
1218 1958 1283 2002 non
1306 1950 1417 2021 posset
1442 1912 1500 2003 rex
1524 1941 1670 2021 Francie,
1692 1954 1743 2010 set
1768 1966 1827 2010 nec

476 2061 539 2144 ipsi
559 2062 763 2139 assentirent,
782 2061 872 2143 quod
890 2058 986 2124 de⁵‘
1088 2059 1094 2073 '
1204 2081 1222 2123 e
1269 2059 1346 2137 i,ad
1369 2081 1468 2144 quam
1485 2082 1544 2125 rex
1564 2072 1598 2127 et
1616 2063 1678 2147 ipsr
1670 2065 1826 2132 fuerant

475 2182 580 2260 iurati,
599 2183 714 2258 forent,
738 2202 812 2248 cum
836 2069 1406 2291 offirmas
1424 2183 1644 2291 pertinebant,
1663 2183 1832 2305 alienata·,

473 2303 557 2368 bene
574 2230 952 2368 ‚tamffiorffir‘tirent
959 2286 1048 2386 quod
1072 2302 1153 2367 utile
1175 2280 1360 2367 dominium
1381 2304 1604 2387 predictorum
1628 2256 1796 2371 ducatus
1791 2317 1824 2372 et

473 2426 690 2491 comitatuum
722 2427 788 2509 regi
815 2424 936 2508 Anglie
966 2382 1277 2502 devolvssietssi'ssf'*
1252 2396 1346 2489 sicud
1372 2425 1559 2491 habuerunt
1584 2426 1823 2510 Aquitanniam

471 2548 521 2612 sui
543 2558 777 2626 antecessores,
800 2548 847 2613 ita
869 2556 981 2612 tamen
1012 2548 1102 2629 quod
1130 2546 1310 2651 ‘Qs
1308 2547 1397 2631 regie
1420 2567 1539 2613 corone
1564 2548 1700 2614 Francie
1723 2570 1823 2615 reser-

470 2681 610 2736 varetur.
666 2669 802 2752 Anglici
840 2690 927 2746 vero,
966 2669 1212 2732 considerantes
1253 2669 1343 2751 quod
1382 2666 1536 2752 regalitas
1576 2670 1722 2753 predicta
1761 2691 1823 2755 pro

342 2830 347 2841 ·
426 2832 432 2846 ·
471 2791 633 2857 dilacione
662 2790 891 2874 homagiorum
925 2798 959 2854 et
991 2789 1203 2877 ligandarpm
1233 2789 1361 2854 solebat
1385 2789 1540 2872 antiquos
1571 2811 1665 2873 reges
1697 2791 1822 2876 Anglie

469 2923 503 2977 et
520 2913 656 2977 Francie
676 2913 717 2976 ad
740 2911 926 2976 discrimina
950 2929 1142 2992 guerrarum
1162 2930 1382 2985 commovere,
1398 2909 1576 3000 pecierunt
1592 2932 1652 2999 pro
1669 2911 1822 2977 habenda

468 3043 737 3145 ρἯυα,
753 3032 841 3115 quod
866 3030 993 3115 prelata
1014 3031 1162 3094 dominia
1182 3031 1289 3096 forent
1308 3030 1461 3094 absolute
1479 3040 1512 3095 et
1534 3030 1606 3094 sine
1629 3032 1821 3098 condicione

467 3175 527 3218 suo
557 3153 624 3238 regi
655 3173 820 3227 concessa,
847 3161 883 3216 ut
912 3152 1120 3236 premittitur.
1166 3151 1240 3235 Que
1270 3151 1400 3234 peticio,
1426 3151 1576 3234 quamvis
1602 3171 1705 3235 nuper
1731 3155 1820 3237 apud

467 3273 640 3350 Calesiam,
667 3283 704 3337 ut
729 3273 912 3337 testabatur
942 3273 1115 3337 cardinalis
1146 3272 1370 3348 Bononiensis,
1398 3273 1502 3337 fuerat
1531 3272 1674 3338 admissa
1698 3284 1732 3339 et
1761 3295 1821 3357 per

465 3397 626 3461 habentes
648 3392 881 3459 autoritatem⁷
901 3391 1104 3472 confirmata,
1123 3402 1236 3457 tamen
1261 3393 1305 3456 ibi
1330 3393 1391 3457 fuit
1413 3393 1624 3475 pertinaciter
1645 3394 1819 3477 denegata.

465 3520 543 3583 Fuit
559 3518 663 3584 eciam
682 3534 875 3601 responsum
892 3515 1013 3579 racioni
1032 3513 1235 3579 Gallicorum
1250 3514 1292 3578 de
1308 3512 1358 3577 sui
1376 3513 1463 3597 regis
1478 3523 1511 3577 et
1527 3510 1609 3578 ειιο8
1625 3514 1819 3590 iuramento,

464 3661 532 3725 quo
554 3638 706 3704 videlicet
736 3639 865 3702 suerunt
895 3635 1032 3720 obligati
1066 3636 1109 3701 ad
1139 3636 1462 3702 conservandamn
1431 3633 1654 3770 iQn
1686 3634 1819 3700 honoris

263 3732 422 4070 ἦ
463 3761 552 3845 regni
577 3771 610 3826 et
635 3760 681 3824 illi
708 3758 954 3843 pertinencium,
976 3756 1513 3875 Qmiffiffl
1419 3776 1517 3840 papa,
1533 3755 1585 3857 si
1586 3755 1640 3853 eii
1648 3755 1819 3859 placeret,

461 3883 591 3967 posset⁹
606 3902 666 3966 pro
684 3880 775 3946 bono
790 3881 880 3985 pacis
899 3901 956 3943 eos
951 3878 1152 4005 ...²be'1‘'⁶¹⁶
1161 3900 1182 3942 a
1163 3878 1353 3993 predicto
1369 3877 1561 3951 iuramento,
1579 3846 1612 3942 et
1608 3846 1689 3942 boc
1704 3878 1817 3960 quoad

486 3980 839 4009 Μυκη-*“’“
864 3972 883 3981 “
887 3980 907 3989 “’“
1045 3994 1080 4005 .--.
1090 3992 1123 4005 ...-

495 4071 504 4103 ¹
521 4087 677 4144 eprscopus
693 4071 725 4126 C.
822 4067 991 4137 ‘'Chamye.
1006 4067 1038 4122 Ε.
1140 4063 1151 4096 ³
1168 4065 1326 4122 constitute
1341 4067 1386 4121 Β·
1380 4064 1580 4137 ,presentibus
1596 4063 1771 4120 constitutos
1785 4066 1817 4120 C.

387 4199 390 4202 ,
494 4160 506 4191 ⁴
523 4159 643 4230 Anglici.
658 4161 690 4214 B.
834 4153 915 4211 ⁶0m.
930 4159 962 4210 B.
1104 4153 1116 4186 ⁸
1135 4154 1353 4211 devolverentur.
1367 4156 1400 4210 B.
1542 4148 1742 4208 'autoritates
1756 4153 1788 4207 C.

493 4246 504 4278 ⁸
523 4249 573 4304 sui.
587 4249 620 4303 C.
940 4243 951 4275 ⁹
968 4260 1021 4298 om.
1037 4245 1068 4300 C.
