4282 4890
634 285 690 340 LE
711 278 858 340 BAKER
879 286 939 340 DE
960 287 986 341 S
991 285 1031 342 W
1034 286 1270 344 VNEBROKE.
1586 281 1628 360 69

275 479 468 548 difficultate
490 482 652 549 dederunt
675 482 841 548 insultum.
887 482 949 550 Illa
973 494 1084 548 tamen
1112 484 1238 550 facilius
1263 504 1364 568 quam
1389 485 1495 568 prima
1521 486 1627 552 suerat
1645 489 1805 554 amnuo.

276 613 442 684 evacuata,
469 625 509 670 eo
532 607 622 689 quod
650 604 777 683 Gallici,
801 605 939 670 navibus
963 603 1091 683 relictis,
1114 627 1176 690 pro
1203 627 1324 690 magna
1350 617 1444 691 parte
1466 607 1569 691 gratis
1591 629 1627 672 se
1678 596 1778 610 '-

275 724 365 807 ipsos
379 726 633 791 submerserunt.
678 722 848 792 Devictis'1
870 725 969 810 igitur
983 726 1092 811 prima
1106 737 1139 792 et
1154 730 1298 794 secunda
1312 729 1430 793 turmis
1444 728 1625 808 navalibus,

274 843 465 949 cr‘egusgulo
493 847 600 912 noctis
627 847 832 926 adveniente,
861 846 994 931 Anglici
1024 857 1160 932 propter
1191 850 1298 915 noctis
1330 849 1564 915 obscuritatem
1593 858 1627 914 et

274 966 411 1031 nimiam
427 966 653 1033 lassitudinem
667 968 833 1052 quiescere
848 969 1061 1034 decreverunt
1076 991 1179 1054 usque
1195 991 1301 1035 mane.
1347 970 1454 1054 Igitur
1469 971 1512 1035 de
1529 980 1628 1036 nocte
1647 973 1734 1039 Flight
1746 973 1776 1052 qr

274 1087 409 1171 triginta
432 1108 531 1152 naves
549 1089 649 1155 tercie
668 1090 790 1155 coortis
808 1089 1012 1174 affugerunt3
1040 1101 1073 1155 et
1096 1111 1161 1155 una
1183 1110 1304 1174 magna
1326 1092 1509 1175 navisque
1530 1111 1627 1156 voca·
1646 1039 1803 1106 othumpu

274 1209 372 1273 batur
397 1209 510 1291 James
535 1208 577 1274 de
604 1210 730 1293 Deope,
753 1209 859 1276 voluit
884 1232 996 1277 secum
1019 1212 1200 1277 abduxisse
1226 1213 1407 1295 quamdam
1438 1232 1556 1276 navem
1583 1213 1628 1276 de

1 1382 3 1411 ,
242 1327 458 1441 Q,
487 1351 553 1414 que
579 1331 639 1396 luit
663 1332 781 1415 prioris
806 1332 940 1397 ecclesie
965 1331 1088 1397 Christi
1117 1331 1302 1398 Cantuarie.
1347 1331 1407 1398 Set
1431 1333 1499 1397 eius
1526 1344 1628 1398 naute

173 1438 185 1515 i
203 1425 244 1445 Μ
273 1470 348 1516 cum
368 1451 533 1517 adiutorio
554 1452 685 1518 comitis
704 1451 988 1517 Huntindunensis
1003 1452 1138 1518 viriliter
1159 1474 1195 1518 se
1217 1453 1441 1531 defenderunt,
1455 1463 1489 1518 et
1511 1473 1626 1518 eorum

273 1571 444 1638 conflictus
475 1593 536 1657 per
562 1582 670 1638 totam
702 1583 834 1639 noctem
867 1574 1006 1639 duravit.
1052 1574 1091 1638 In
1128 1574 1279 1652 crastino,
1312 1573 1452 1639 finaliter
1489 1573 1627 1639 devictis

272 1692 475 1758 Normannis
499 1693 690 1759 invenerunt
704 1693 738 1758 in
753 1695 828 1759 navi
839 1706 937 1778 capta
953 1694 1039 1761 ultra
1053 1689 1310 1780 quadringentos
1325 1695 1476 1759 homines
1490 1694 1626 1759 occisos.

241 1743 524 1892 ‘me-²
545 1814 698 1881 illucente
719 1824 753 1880 et
775 1807 909 1899 cognito
932 1816 1022 1898 quod
1044 1816 1180 1900 triginta
1201 1836 1301 1880 naves
1322 1815 1517 1897 effugerunt,
1538 1813 1626 1878 misit
1645 1819 1751 1893 Punuic

272 1934 426 1999 dominus
437 1955 497 1999 rex
509 1935 556 1999 xl.
566 1955 665 2000 naves
679 1935 764 2000 bene
779 1937 923 2001 munitas
937 1938 980 2002 ad
997 1936 1069 2001 illas
1084 1937 1310 2020 insequendas,
1322 1936 1442 2018 quibus
1457 1934 1627 2019 preposuit

73 2128 89 2157 h
125 2094 193 2131 tf„
272 2055 335 2121 Ioh
380 2076 419 2120 ne
561 2056 603 2121 be
629 2077 729 2141 quern
748 2049 940 2141 periciorem
956 2057 989 2122 in
1004 2067 1075 2123 arte
1090 2056 1198 2122 navali
1210 2067 1243 2121 et
1258 2055 1450 2157 cognicionc
1468 2064 1625 2147 nortuum
1646 2009 1715 2185 nst

271 2174 300 2238 F
302 2196 474 2275 orum
496 2176 632 2261 Anglici
658 2189 870 2262 reputarunt;
923 2199 1039 2243 uarum
1062 2188 1173 2242 tamen
1199 2177 1334 2243 effectus
1361 2177 1539 2303 igoratur.
1586 2175 1624 2240 In
1643 2121 1797 2322 Qum?

270 2296 378 2379 prima
399 2306 512 2363 coorte
534 2298 667 2363 navium
689 2309 862 2383 captarum
889 2298 1080 2364 invenerunt
1101 2299 1241 2365 victores
1263 2298 1336 2363 illas
1357 2318 1466 2376 naves,
1484 2317 1624 2379 quarum
1643 2320 1721 2386 ships

270 2419 379 2502 prima
396 2419 577 2485 vocabatur
592 2417 800 2498 ‘Dionisius,'
817 2430 851 2485 et
866 2420 932 2484 alia
946 2417 1145 2504 ‘Georgius’
1161 2419 1263 2485 tercia
1278 2413 1573 2503 ‘Christophorus,’
1589 2428 1624 2482 et
1674 2413 1765 2475 ΜΨ·

269 2550 389 2622 quarta
411 2539 460 2604 ‘le
482 2539 586 2605 Blake
610 2536 725 2624 Coglr,’
749 2560 832 2623 quas
854 2540 972 2605 Gallici
994 2541 1156 2625 primitus,
1179 2550 1215 2605 ut
1238 2539 1496 2624 superscriptum
1521 2547 1580 2616 cst,
1603 2559 1625 2603 a

269 2669 368 2743 portu
398 2661 440 2725 de
471 2659 586 2726 Scluse
615 2643 732 2726 furtiue
760 2661 1010 2770 abduxerunt,<
1025 2660 1166 2726 Summa
1194 2661 1327 2726 navium
1356 2659 1547 2724 bellicarum
1577 2659 1624 2724 ibi

269 2790 442 2865 captarum
465 2782 509 2846 ad
533 2782 699 2860 ducentas,
722 2791 756 2847 et
782 2782 971 2866 bargiarum
996 2782 1041 2847 ad
1068 2781 1211 2866 triginta,
1234 2802 1269 2846 se
1293 2780 1506 2845 extendebat.
1550 2780 1624 2845 Nu-

84 2880 132 2989 ?
175 2896 236 3009 μ)
271 2922 379 2966 merus
405 2902 612 2969 inimicorum
641 2903 824 2969 occisorum
850 2901 966 2986 viginti
991 2903 1138 2987 quinque
1163 2902 1255 2968 milia
1279 2901 1463 2967 excedebat
1489 2909 1523 2965 et
1563 2901 1623 2965 ub·
1641 2903 1789 3024 msa

14 3102 19 3111 c
27 3100 70 3143 bl!

101 2999 171 3069 ω’·
204 3052 209 3095 3
270 3042 473 3140 πως
506 3025 549 3088 de
572 3022 724 3107 Anglicis
746 3045 825 3089 vero
851 3033 994 3107 quatuor
1024 3024 1115 3088 milia
1141 3024 1270 3088 luerunt
1296 3023 1404 3100 occisi,
1430 3023 1513 3086 inter
1538 3043 1624 3105 quos

75 3112 90 3156 χ’
140 3168 156 3189 ⁹
205 3144 208 3149 ⁴
268 3153 362 3210 erant
397 3154 540 3241 quatuor
573 3145 703 3219 milites,
732 3144 884 3210 videlicet
916 3145 1071 3210 dominus
1102 3144 1252 3210 Thomas
1284 3146 1342 3238 de..
1363 3142 1623 3222 Mounthermer‚

66 3246 72 3253 Ι
268 3265 529 3349 consanguineus
557 3266 652 3350 regiS,
678 3265 831 3331 dominus
860 3264 1009 3330 Thomas
1040 3265 1070 3330 le
1100 3265 1249 3330 Latimer
1281 3264 1375 3342 filius,
1405 3273 1438 3330 et
1467 3264 1623 3330 dominus
1667 3284 1774 3373 Μ
1808 3256 1929 3365 W*
1948 3304 1952 3309 -
1968 3262 2007 3343 ξ

163 3418 167 3425 -
267 3383 455 3450 Willelmus
478 3386 508 3451 le
526 3385 663 3452 Botiller
682 3387 724 3452 de
742 3380 943 3487 §lortbome
958 3397 992 3451 et
1014 3397 1160 3470 quartus,
1181 3396 1217 3451 ut
1239 3386 1418 3463 dicebatur,
1434 3406 1633 3541 (ΙΨ
1690 3428 1754 3460 rr,
1800 3414 1821 3491 ej,
1835 3385 1896 3441 ⁸*
1921 3390 1933 3423 ·‘
1976 3378 1999 3485 'j
2012 3450 2040 3493 ’,Α

1810 3494 1817 3527 i
1862 3492 1981 3525 ‘'tw''

267 3507 455 3573 audivimus
557 3507 566 3521 '
627 3508 647 3571 i.
1150 3548 1189 3590 .‘
1805 3554 1815 3579 .,

254 3528 731 3713 ’ffipus
761 3627 863 3707 Scoti,
888 3637 1039 3712 treugam
1070 3628 1153 3693 inter
1181 3628 1272 3712 ipsos
1301 3638 1334 3693 et
1364 3647 1475 3712 regem
1505 3627 1621 3692 initam
1639 3639 1798 3692 Rntdorrhe

267 3771 396 3816 servare
424 3749 581 3828 nolentes,
602 3749 763 3833 Angliam
786 3749 819 3814 in
842 3748 947 3815 multa
970 3750 1196 3832 magnitudine
1217 3759 1385 3826 venerunt,
1407 3749 1561 3815 occisioni
1587 3758 1621 3814 et
1638 3705 1718 3759 Scou.

214 3946 234 3965 ,—
266 3871 488 3938 combustioni
517 3881 625 3938 totam
655 3871 721 3935 lere
754 3852 947 3937 ma'fch'i'ar'n¹
964 3846 1162 3967 'submissam
1191 3871 1420 3955 depredantes.
1465 3868 1510 3933 Et
1544 3889 1620 3934 curn
1721 3788 1926 3993 last-leel&

10 3962 48 4179 L.
113 4050 128 4081 3
141 3942 161 4051 h
175 3986 185 3997 ”
199 3962 213 3979 ³
291 3994 404 4059 redam
429 3992 610 4059 reducturis
635 3992 761 4058 nobiles
790 3991 993 4058 marchiones
1018 3990 1149 4057 illarum
1175 3991 1333 4076 parcium,
1357 3989 1477 4072 quibus
1499 4008 1623 4071 magna

33 4084 40 4103 Ι
68 4076 97 4147 3
159 3996 194 4189 V
254 4015 408 4198 W
423 4136 485 4203 pro
506 4113 649 4182 marchie
669 4112 820 4179 custodia
839 4135 860 4179 a
879 4132 956 4198 rege
974 4113 1175 4191 tradebatur,
1193 4130 1361 4179 occurrere
1381 4130 1447 4176 non
1469 4117 1622 4176 curarent

653 4249 662 4280 ¹
680 4249 809 4308 Devicta
828 4254 859 4307 B.
1091 4247 1165 4305 ¹de.
1185 4250 1218 4302 B.
