4282 4890
475 299 517 366 74
916 288 1161 346 CHRONICON
1181 290 1382 346 GALFRIDI

298 514 454 565 mrsu.
472 513 532 558 rex
555 492 651 557 iuxta
672 493 768 556 suum
791 489 955 576 privatum
978 490 1151 556 concilium
1176 511 1327 556 recusans
1353 491 1520 568 exaudire,
1534 497 1568 554 et
1591 490 1729 574 proinde
1750 511 1826 573 par-

327 608 426 620 ““““
473 614 631 679 liamento
649 632 753 694 usque
770 612 814 676 ad
833 610 952 675 festum
974 610 1188 676 Pentecosten
1207 610 1381 695 protelato,
1400 609 1541 675 finaliter
1558 611 1717 677 concessit
1735 611 1826 695 quod

300 741 450 818 hcompro·
473 735 524 799 sui
542 731 736 818 principales
753 730 900 798 officiarii
916 731 948 795 in
967 729 1185 815 parliamento
1207 732 1312 797 serent
1330 731 1436 810 iurati,
1454 733 1544 814 quod
1568 731 1601 795 in
1624 731 1691 795 suis
1713 731 1828 797 officiis

300 821 370 857 mne.
475 853 608 921 cuilibet
630 852 794 918 iusticiam
815 852 996 931 exiberent,
1011 861 1053 928 et,
1069 852 1097 915 si
1119 871 1185 917 non
1206 851 1358 930 facerent,
1381 851 1414 915 in
1436 851 1586 935 quolibet
1609 852 1828 936 parliamento

475 975 577 1040 tercio
594 974 648 1038 die
663 983 740 1056 post
755 972 951 1056 principium
975 971 1184 1055 parliamenti
1206 993 1267 1037 sua
1288 971 1395 1038 officia
1416 972 1619 1055 resignarent
1639 983 1673 1037 et
1692 972 1828 1056 singulis

61 1163 94 1207 Η
179 1138 227 1205 ,J
338 1128 347 1175 3·
375 1093 401 1133 ‘²
475 1097 518 1160 de
541 1095 600 1179 giis
623 1091 868 1181 querelantibus
895 1094 1139 1177 responderent,
1161 1101 1262 1175 atque
1290 1093 1389 1157 iud''
1497 1093 1504 1107 '
1566 1093 1623 1171 ,si
1652 1103 1828 1177 oporteret,

104 1128 181 1268 (Pil
236 1184 244 1209 l
267 1192 291 1211 Ἰ
316 1192 335 1211 ’Δ
476 1216 676 1300 punirentur.
707 1212 815 1298 Super
828 1213 892 1278 hiis
906 1223 940 1279 et
958 1212 1165 1279 aliissactum
1181 1213 1242 1278 suit
1253 1112 1642 1297 sutmhfflgiho
1657 1215 1827 1297 consigna·

475 1345 557 1412 tum,
572 1343 605 1397 et
620 1342 743 1397 extunc
759 1331 892 1415 prelatis
907 1340 941 1396 et
956 1329 1028 1395 aliis
1045 1331 1255 1415 magnatibus
1273 1332 1414 1396 dabatur
1430 1331 1564 1397 licencia
1579 1315 1839 1425 recedendi&

300 1452 374 1582 ἓξὲξ
374 1531 414 1567 ror
564 1452 642 1518 Hoc
656 1472 751 1529 anno,
767 1452 853 1517 circa
870 1451 1068 1535 principium
1085 1451 1206 1515 mensis
1226 1450 1311 1529 iulii,
1327 1453 1450 1536 recepit
1468 1450 1622 1516 dominus
1640 1471 1700 1515 rex
1719 1451 1828 1540 literas
1901 1490 1943 1590 hs
1947 1458 2019 1559 qs

301 1584 400 1634 oenoen
475 1572 758 1639 Ludowiciducis
781 1570 974 1675 Bavarieet
997 1571 1351 1757 §fflfflamlisimfleffi
1375 1571 1623 1649 Romanorum;
1654 1572 1829 1654 inquibus
1875 1577 1902 1621 ¹2
1930 1552 1959 1590 ¹

215 1647 431 1937 Llflleud?
476 1694 622 1780 prelatus
645 1692 853 1770 Ludowicus,
876 1703 989 1775 preren
1014 1712 1072 1757 ens
1104 1693 1289 1759 amiciciam
1320 1694 1404 1758 inter
1436 1694 1544 1778 ipsum
1574 1702 1608 1758 et
1638 1691 1828 1776 Philippum

215 1661 458 1937 Lffiiperthe
477 1836 588 1899 regem
618 1813 756 1878 Francie
784 1834 889 1897 nuper
918 1813 1044 1890 initam,
1073 1813 1161 1878 dixit
1191 1813 1253 1877 sibi
1283 1813 1455 1898 displicere
1484 1833 1636 1896 guerram
1667 1812 1829 1878 Gallicam

280 1954 323 1999 ι’.
477 1956 536 2021 per
554 1954 665 2017 regem
682 1932 837 2017 Anglie
828 1944 1002 2011 incoatam,
1017 1943 1050 1999 et
1067 1934 1195 1999 monuit
1215 1935 1424 1999 concordiam
1448 1934 1532 1998 inter
1552 1953 1644 2016 reges
1662 1943 1695 1998 et
1713 1953 1829 2018 pacem

131 2004 317 2357 QX&
477 2056 711 2131 reformandas,
733 2055 776 2119 ad
799 2075 900 2137 quam
924 2075 960 2118 se
987 2055 1094 2138 ipsum
1118 2053 1240 2139 optulit
1262 2066 1296 2119 et
1326 2056 1369 2120 ad
1399 2054 1460 2119 hec
1483 2055 1634 2139 promisit
1656 2075 1693 2119 se
1716 2055 1829 2170 libenti

477 2177 589 2242 animo
606 2172 689 2240 velle
710 2195 827 2240 vacare
849 2184 882 2239 et
906 2175 1095 2258 impendere
1125 2175 1287 2240 honerosa
1317 2175 1547 2259 prosecucione
1570 2175 1708 2253 labores,
1730 2185 1764 2240 et
1786 2176 1829 2241 ad
1851 2238 1856 2243 .

479 2298 540 2363 hec
562 2296 706 2361 securius
727 2295 877 2361 facienda
900 2298 1000 2381 peciit
1017 2318 1038 2362 a
1055 2318 1150 2380 rege:
1173 2294 1339 2375 ‘Placeat,’
1362 2299 1520 2382 inquiens,
1543 2298 1624 2364 ‘tibi
1646 2299 1742 2364 nobis
1764 2299 1830 2362 tuis
1871 2317 1874 2322 ·

478 2418 580 2483 literis
609 2417 688 2482 dare
720 2427 920 2501 potestatem
950 2417 1144 2503 premissam
1176 2418 1341 2483 tractandi
1375 2420 1595 2498 concordiam,
1624 2429 1757 2503 treugas
1786 2420 1830 2484 ad

477 2560 600 2604 annum
618 2538 669 2603 vel
688 2539 855 2623 biennium
875 2535 1089 2618 ordinandi’;
1122 2538 1204 2605 infra
1221 2560 1354 2624 quoque
1375 2561 1412 2605 se
1433 2562 1595 2607 excusans
1616 2542 1659 2605 de
1681 2539 1831 2606 amicicia

479 2662 563 2725 inter
582 2661 692 2745 ipsum
716 2672 749 2725 et
768 2682 879 2746 regem
902 2660 931 2724 F
932 2661 1040 2727 rancie
1064 2660 1264 2746 Philippum,
1284 2672 1320 2728 ut
1339 2664 1466 2728 dietum
1488 2674 1547 2742 est,
1565 2664 1708 2741 iniciata,
1730 2683 1831 2746 quam

478 2782 567 2846 dixit
590 2802 665 2846 cum
687 2782 891 2848 honoresue
913 2803 949 2847 se
971 2803 1067 2866 posse
1089 2793 1286 2867 acceptasse,
1308 2804 1353 2848 ex
1382 2805 1449 2868 quo
1479 2805 1539 2849 rex
1561 2784 1685 2868 Anglie
1706 2784 1832 2867 absque

479 2903 561 2967 scitu
578 2924 638 2967 suo
661 2922 736 2967 cum
759 2924 835 2986 rege
859 2903 1013 2987 Philippo
1035 2914 1167 2987 treugas
1186 2913 1218 2968 et
1244 2915 1351 2970 certos
1377 2906 1533 2970 terminos
1555 2906 1599 2970 ad
1621 2908 1831 2990 tractandum

427 3065 435 3083 .
479 3024 522 3086 de
551 3023 726 3087 concordia
755 3023 920 3178 sluscepitJ
952 3033 1127 3107 propterea
1150 3025 1296 3108 predicta
1318 3024 1468 3091 amicicia
1490 3044 1555 3090 non
1578 3025 1697 3090 debere
1720 3045 1831 3109 regem

479 3141 604 3225 Anglie
627 3139 795 3205 moveri¹·
788 3154 858 3221 ,et
880 3164 991 3208 versus
1014 3143 1112 3207 finem
1135 3144 1326 3210 subiunxit:
1357 3145 1568 3212 ‘vicariatum
1598 3145 1660 3211 tibi
1690 3166 1749 3231 per
1770 3165 1831 3211 nos
1801 3183 1899 3282 ..κβ

481 3384 572 3467 regni
587 3384 690 3449 nostri
709 3405 795 3448 anno
814 3383 919 3467 xxvij.
935 3394 967 3449 et
987 3385 1116 3470 imperii
1131 3381 1225 3469 xiiij’

567 3502 626 3568 Ad
656 3501 816 3570 vocatos²
846 3506 957 3605 apices
991 3506 1176 3590 imperiales
1206 3509 1372 3593 rescripsit
1402 3528 1462 3572 rex
1493 3509 1558 3574 ita·
1596 3478 1903 3574 ‘serenissimol
1886 3456 2050 3567 stills

480 3625 629 3710 principi,
646 3626 784 3691 domino
806 3625 997 3706 Ludowico,
1020 3629 1084 3693 Dei
1107 3629 1218 3712 gracia
1241 3629 1467 3739 Romanorum
1469 3630 1693 3739 imperatori
1698 3651 1832 3735 semper

481 3768 523 3831 au
570 3757 631 3825 sto,
662 3747 855 3827 Edwardus,
885 3749 1001 3815 eadem
1031 3751 1142 3834 gracia
1165 3771 1224 3815 rex
1248 3751 1385 3817 Francie
1407 3761 1440 3817 et
1449 3712 1587 3854 Anglie
1615 3762 1649 3817 et
1677 3752 1832 3818 dominus

483 3864 658 3934 Hibemie'
658 3906 746 3918 —-

483 3997 484 4000 ’
567 3989 669 4056 Anno
693 3990 829 4057 Domini
853 3991 1054 4076 Mmcccxlij,
1074 3994 1165 4078 regni
1187 3994 1239 4059 sui
1262 3993 1386 4078 Anglie
1408 3993 1476 4078 xvj.
1501 3995 1703 4080 Francieque
1719 3996 1832 4074 tercio,
1937 4050 1939 4054 .

482 4131 540 4175 rex
564 4113 657 4178 dedit
679 4112 875 4179 comitatum
900 4111 1117 4200 Cantbriggie
1142 4115 1281 4201 domino
1308 4115 1458 4219 iohanni
1478 4117 1521 4182 de
1517 4116 1688 4223 Henald,
1712 4126 1832 4202 patruo

808 4249 818 4282 ι
1680 4204 1870 4255 f
1974 4220 1996 4265 ,r

837 4266 958 4307 mov.ere
978 4252 1010 4305 B.
1293 4251 1445 4310 'vocatas
1464 4255 1497 4310 Β.
1870 4318 1873 4323 .
1899 4320 1903 4327 Ι
1939 4272 1995 4319 rr,
