4282 4890
463 269 503 351 98
887 273 1134 329 cllRONJcon'
1156 273 1361 329 GALFRIDI

285 473 670 560 A.1>.1e40.sepulture.p(
696 474 815 540 Postea
847 473 908 538 suit
937 474 1060 539 electus
1093 474 1125 538 in
1155 472 1439 558 archiepiscopum
1478 476 1634 558 magister
1665 476 1815 541 Thomas

286 580 441 672 Ηζῇζω.
459 596 691 662 Bradewardin
701 593 724 674 ¹,
746 597 864 661 doctor
886 595 919 659 in
941 595 1131 679 theologia3
1162 605 1212 660 set
1235 596 1421 680 provisione
1444 618 1531 696 pap-e
1560 596 1622 661 suit
1648 598 1691 662 ad
1715 598 1814 662 istam
1888 512 1957 725 †

286 703 345 818 ⁸⁰?
341 768 416 820 12⁰⁸.
457 718 654 803 dignitatem
676 717 847 783 ordinatus
870 716 1027 800 magister
1051 716 1214 781 lohannes
1245 717 1375 795 Ufiord,
1398 719 1483 802 regis
1514 719 1734 823 cancellarius,
1757 720 1815 802 qui

459 860 524 904 non
547 849 754 905 consecratus
778 839 989 903 moriebatur.
1032 837 1171 915 Deinde,
1193 858 1280 904 anno
1302 840 1460 921 sequenti,
1482 838 1628 923 prefatus
1659 841 1816 924 magister

458 960 607 1026 Thomas
627 956 881 1025 Bradewardin¹
898 960 1016 1025 iterum
1035 959 1159 1025 electus
1174 958 1245 1038 suit,
1261 959 1293 1023 in
1309 959 1399 1025 curia
1424 959 1578 1026 Romana
1595 971 1814 1036 consecratus,

460 1092 493 1146 et
508 1083 626 1146 eodem
642 1102 729 1146 anno
746 1087 909 1147 mortuus.
943 1103 991 1219 W
1001 1132 1070 1209 Ν,
1096 1096 1147 1192 13
1166 1096 1219 1181 lc,

286 1197 443 1314 fpgffi
549 1203 620 1268 Isto
642 1223 737 1279 anno,
757 1213 832 1287 post
855 1201 974 1267 festum
997 1203 1102 1268 sancti
1126 1202 1270 1280 Martini,
1292 1222 1377 1267 conv
1397 1213 1514 1269 nerunt
1536 1206 1626 1288 apud
1650 1203 1814 1270 Calesiam

285 1344 367 1379 renew
378 1329 420 1381 the
461 1323 635 1408 episcopus
650 1323 912 1408 Norwycensis²,
928 1343 1038 1389 comes
1058 1323 1259 1402 Lancastrie,
1275 1345 1386 1389 comes
1410 1322 1647 1421 Suthsolchieff,
1665 1336 1698 1391 et
1715 1327 1816 1417 ,dom—
1873 1380 1894 1445 Q
2036 1386 2039 1390 ,

285 1401 359 1446 truce.
461 1446 533 1509 inus
548 1444 714 1512 Walterus
730 1446 861 1551 Magne,
878 1465 921 1509 cx
940 1455 1033 1547 parte
1048 1444 1256 1530 Anglorum;
1280 1446 1369 1523 item,
1384 1446 1559 1530 episcopus
1576 1410 1817 1559 Qsis,
1834 1412 1862 1473 ‘l
1875 1312 2034 1562 &W

168 1598 272 1767 f)
289 1602 343 1667 0⁴
366 1568 531 1711 rddux
554 1569 596 1632 de
619 1565 795 1632 Burbone⁴
817 1578 850 1631 et
874 1568 944 1631 dux
966 1566 1131 1632 Dactenes
1152 1577 1186 1631 et
1209 1587 1319 1632 comes
1341 1567 1384 1632 de
1407 1566 1524 1674 ans
1542 1579 1575 1633 et
1587 1569 1817 1687 W
1843 1510 2077 1656 qucisvustll)

269 1675 368 1875 ,W

459 1687 692 1829 Tfflk³¹¹⁶⁶
710 1698 743 1753 et
759 1687 913 1753 dominus
929 1686 1098 1753 Galsridus
1113 1687 1155 1752 de
1173 1686 1339 1771 Chamy⁶,
1357 1708 1401 1752 cx
1417 1698 1511 1772 parte
1527 1689 1739 1766 Francorum,
1754 1710 1815 1773 pro

460 1810 582 1894 treugis
603 1809 819 1886 renovandis;
849 1809 970 1891 quibus
992 1808 1097 1872 noluit
1119 1828 1231 1873 comes
1249 1807 1442 1874 Lancastrie
1464 1811 1629 1887 assentire,
1645 1831 1817 1894 quousque

459 1933 527 1996 duo
550 1929 712 1996 fortalicia
735 1929 864 1995 Calesie
888 1930 1005 1995 nociva
1028 1939 1061 1994 et
1086 1939 1200 1995 contra
1227 1928 1367 1994 formam
1391 1930 1601 2014 pristinarum
1624 1941 1814 2016 treugarum

459 2051 613 2117 edificata
646 2052 774 2116 fuerant
803 2051 923 2115 diruta.
969 2048 1047 2133 Quo
1077 2050 1173 2128 sacto,
1201 2062 1358 2116 renovate
1383 2062 1459 2116 sunt
1487 2062 1612 2136 treuge,
1639 2073 1742 2136 usque
1772 2055 1814 2117 ad

216 2122 350 2289 &A
460 2173 603 2258 Primum
622 2174 711 2237 diem
730 2171 924 2261 Quum
946 2172 1022 2235 anni
1046 2172 1202 2256 proximo
1226 2170 1327 2236 futuri
1348 2174 1513 2238 durature.

286 2306 394 2359 Edwud
548 2294 678 2360 Eodem
694 2314 828 2378 quoque
842 2313 929 2359 anno
944 2293 1099 2358 dominus
1114 2290 1197 2357 rex⁷
1212 2303 1246 2358 et
1261 2294 1500 2379 primogenitus
1514 2295 1584 2359 eius
1599 2305 1632 2360 et
1648 2315 1758 2360 comes
1774 2297 1817 2361 de

285 2382 410 2490 {mlo
460 2408 637 2495 Warewyk
662 2422 695 2476 et
718 2411 892 2495 episcopus
916 2408 1164 2494 Wyntoniensis
1193 2410 1396 2476 advenerunt
1427 2409 1592 2477 Calesiam
1622 2412 1666 2477 ad
1696 2413 1817 2478 festum

192 2526 226 2547 ‘⁴
284 2514 435 2635 {tffim
461 2530 772 2623 SgngtiAnQJ.
818 2531 919 2597 Unde
948 2552 1007 2596 rex
1034 2531 1123 2595 misit
1149 2532 1305 2596 comitem
1330 2531 1521 2598 Lancastrie
1549 2534 1592 2599 ad
1620 2534 1817 2639 DQQe,
1854 2491 2105 2653 lttrnqnt-qul

285 2637 359 2688 riom.

460 2665 667 2739 recepturum
699 2654 822 2718 ibidem
852 2674 896 2718 ex
926 2664 1020 2737 parte
1049 2675 1109 2719 sua
1137 2651 1330 2718 fidelitatem
1356 2662 1390 2717 et
1415 2653 1608 2738 homagium
1631 2624 1817 2723 {comite

462 2775 615 2841 Flandrie
630 2797 705 2841 cum
721 2785 926 2841 sacramento
946 2774 1143 2849 iusiurandi3
1166 2774 1257 2856 quod
1272 2784 1305 2838 et
1319 2773 1441 2839 factum
1458 2774 1528 2839 suit.
1576 2776 1670 2841 Missi
1685 2798 1817 2861 quoque

461 2896 590 2961 suerunt
606 2897 715 2961 nuncii
732 2895 926 2999 Binam’
941 2896 984 2960 ad
1000 2895 1209 2961 tractandum
1226 2895 1349 2959 ibidem
1365 2914 1440 2960 cum
1456 2895 1594 2961 concilio
1607 2897 1818 2974 Francorum,

461 3018 552 3100 quod
567 3028 644 3082 ante
663 3016 794 3080 illorum
809 2990 988 3082 aduentum
1006 2992 1141 3131 iffi
1157 3016 1190 3079 in
1206 3015 1400 3092 Franciam;
1421 3017 1508 3081 unde
1523 3015 1634 3081 literas
1652 3017 1817 3103 consectas
1879 2986 2063 3113 lttwsssswl

461 3138 656 3221 tirannoque
683 3137 884 3203 Francorum
911 3136 1052 3201 directas
1077 3136 1216 3202 tradidit
1242 3156 1302 3199 rex
1327 3134 1477 3201 Roberto
1504 3136 1606 3202 Herle
1631 3147 1664 3202 et
1687 3138 1816 3203 Thome

461 3261 504 3325 de
518 3260 685 3336 Verdoun,
701 3258 869 3335 militibus,
888 3257 1038 3341 predicto
1060 3258 1190 3323 tiranno
1212 3256 1414 3333 deserendas,
1437 3257 1471 3320 in
1493 3259 1613 3340 quibus
1636 3279 1695 3322 rex
1718 3260 1817 3343 peciit

461 3382 550 3448 diem
572 3382 616 3447 ad
637 3379 842 3464 preliandum
863 3379 926 3444 sibi
946 3379 1114 3463 assignari,
1130 3380 1163 3442 in
1183 3399 1261 3444 casu
1281 3398 1349 3461 quo
1369 3397 1434 3442 non
1455 3389 1566 3462 posset
1588 3401 1657 3463 pax
1678 3379 1819 3446 finaliter

462 3505 546 3570 inter
566 3504 656 3589 ipsos
679 3502 857 3569 reformari.
909 3501 1079 3566 Predictos
1100 3502 1236 3567 nuncios
1259 3500 1385 3583 regales
1408 3519 1473 3564 non
1496 3502 1645 3584 permisit
1671 3503 1817 3567 tirannus

461 3626 525 3693 sibi
540 3628 714 3705 accedere3
737 3634 797 3703 set,
813 3623 934 3691 iniecto
949 3624 1087 3709 negocio
1105 3645 1165 3709 pro
1185 3643 1253 3708 quo
1267 3632 1433 3700 venerant,
1449 3621 1542 3688 iussit
1562 3643 1621 3707 per
1638 3624 1742 3689 alios⁹
1761 3645 1819 3689 eos

463 3768 600 3833 regnum
616 3768 712 3813 suum
727 3747 829 3812 exire.
848 3761 886 3829 χ

287 3888 433 4009 {naphes
549 3870 652 3935 Anno
676 3867 798 3934 Christi
818 3867 1031 3946 necnxlix,
1050 3867 1141 3952 regni
1163 3867 1249 3951 regis
1272 3886 1359 3933 anno
1368 3863 1396 3905 ¹⁰
1414 3864 1536 3951 xxiij⁰.,
1550 3866 1594 3932 ab
1616 3867 1741 3933 oriente
1765 3868 1819 3933 In·

315 3974 328 4008 Β

534 4066 544 4098 ¹
563 4064 781 4137 Bradewardyn.
802 4064 833 4121 C.
1011 4060 1270 4120 'Northwicensis
1292 4063 1324 4119 C.
1501 4059 1513 4093 ⁸
1531 4061 1731 4120 Southiolchie.
1752 4062 1784 4117 C.

533 4153 544 4186 ⁴
563 4155 702 4210 borbone.
723 4155 755 4210 C.
897 4149 1114 4223 'Tankervyle
1134 4152 1166 4207 C.
1307 4148 1457 4222 ‘Shamu
1476 4151 1508 4207 C.
1648 4147 1732 4207 lom.
1752 4152 1783 4205 B.

558 4238 569 4270 ⁸
586 4241 628 4295 ad
635 4242 705 4313 sest.
717 4241 749 4296 S.
758 4236 867 4311 Andr]
879 4256 934 4296 om.
953 4242 986 4296 B.
1129 4237 1140 4271 ⁹
1152 4242 1209 4311 per
1221 4236 1306 4311 alios]
1319 4254 1374 4295 om.
1394 4241 1425 4295 B.
1569 4235 1591 4269 ¹⁰
1608 4255 1661 4293 om.
1682 4240 1714 4293 C.
