<?xml version="1.0" encoding="UTF-8"?>
<!DOCTYPE html PUBLIC "-//W3C//DTD XHTML 1.0 Transitional//EN"
    "http://www.w3.org/TR/xhtml1/DTD/xhtml1-transitional.dtd">
<html xmlns="http://www.w3.org/1999/xhtml" xml:lang="en" lang="en">
 <head>
  <title>
</title>
<meta http-equiv="Content-Type" content="text/html;charset=utf-8" />
  <meta name='ocr-system' content='tesseract 3.04.00' />
  <meta name='ocr-capabilities' content='ocr_page ocr_carea ocr_par ocr_line ocrx_word'/>
</head>
<body>
  <div class='ocr_page' id='page_1' title='image "./chronicongalfri00thomgoog_0089.png"; bbox 0 0 4282 4890; ppageno 0'>
   <div class='ocr_carea' id='block_1_1' title="bbox 522 252 1433 316">
    <p class='ocr_par' dir='ltr' id='par_1_1' title="bbox 522 252 1433 316">
     <span class='ocr_line' id='line_1_1' title="bbox 522 252 1433 316; baseline -0.001 -1"><span class='ocrx_word' id='word_1_1' title='bbox 522 252 561 316; x_wconf 84' lang='lat'>28</span> <span class='ocrx_word' id='word_1_2' title='bbox 955 259 1200 315; x_wconf 79' lang='lat' dir='ltr'><em>CHRONICON</em></span> <span class='ocrx_word' id='word_1_3' title='bbox 1228 259 1433 315; x_wconf 83' lang='lat' dir='ltr'><em>GALFRIDI</em></span> 
     </span>
    </p>
   </div>
   <div class='ocr_carea' id='block_1_2' title="bbox 343 420 1869 578">
    <p class='ocr_par' dir='ltr' id='par_1_2' title="bbox 343 420 1869 578">
     <span class='ocr_line' id='line_1_2' title="bbox 343 420 1869 578; baseline 0.001 -55"><span class='ocrx_word' id='word_1_4' title='bbox 343 459 682 535; x_wconf 58' lang='lat' dir='ltr'>3‚1&gt;‚1327.adventus</span> <span class='ocrx_word' id='word_1_5' title='bbox 713 420 1032 537; x_wconf 50' lang='lat' dir='ltr'>nunciorum-mira</span> <span class='ocrx_word' id='word_1_6' title='bbox 1061 427 1368 578; x_wconf 46' lang='lat' dir='ltr'>impudencia*non</span> <span class='ocrx_word' id='word_1_7' title='bbox 1397 459 1551 525; x_wconf 81' lang='lat' dir='ltr'>confusus</span> <span class='ocrx_word' id='word_1_8' title='bbox 1585 460 1691 545; x_wconf 89' lang='lat' dir='ltr'>regis¹</span> <span class='ocrx_word' id='word_1_9' title='bbox 1722 462 1869 526; x_wconf 90' lang='lat' dir='ltr'>animum</span> 
     </span>
    </p>
   </div>
   <div class='ocr_carea' id='block_1_3' title="bbox 78 517 1870 723">
    <p class='ocr_par' dir='ltr' id='par_1_3' title="bbox 78 517 1870 723">
     <span class='ocr_line' id='line_1_3' title="bbox 78 517 96 552; baseline 0 0"><span class='ocrx_word' id='word_1_10' title='bbox 78 517 96 552; x_wconf 68' lang='lat'>0</span> 
     </span>
     <span class='ocr_line' id='line_1_4' title="bbox 89 575 1870 723; baseline -0.003 -72"><span class='ocrx_word' id='word_1_11' title='bbox 89 575 471 723; x_wconf 41' lang='lat' dir='ltr'>[uw—</span> <span class='ocrx_word' id='word_1_12' title='bbox 519 589 707 693; x_wconf 37' lang='grc' dir='ltr'>Ἦρξε,</span> <span class='ocrx_word' id='word_1_13' title='bbox 724 580 775 644; x_wconf 92' lang='lat' dir='ltr'>cui</span> <span class='ocrx_word' id='word_1_14' title='bbox 794 601 829 644; x_wconf 92' lang='lat' dir='ltr'>se</span> <span class='ocrx_word' id='word_1_15' title='bbox 851 580 980 663; x_wconf 86' lang='lat' dir='ltr'>putavit</span> <span class='ocrx_word' id='word_1_16' title='bbox 1000 600 1058 664; x_wconf 89' lang='lat' dir='ltr'>pre</span> <span class='ocrx_word' id='word_1_17' title='bbox 1080 590 1195 645; x_wconf 81' lang='lat' dir='ltr'>ceteris</span> <span class='ocrx_word' id='word_1_18' title='bbox 1211 578 1404 645; x_wconf 85' lang='lat' dir='ltr'>mortalibus</span> <span class='ocrx_word' id='word_1_19' title='bbox 1425 601 1566 645; x_wconf 89' lang='lat' dir='ltr'>exosum</span> <span class='ocrx_word' id='word_1_20' title='bbox 1582 582 1720 664; x_wconf 40' lang='lat' dir='ltr'>fuisse}</span> <span class='ocrx_word' id='word_1_21' title='bbox 1734 583 1870 647; x_wconf 84' lang='lat' dir='ltr'>Adiecit</span> 
     </span>
    </p>
   </div>
   <div class='ocr_carea' id='block_1_4' title="bbox 301 1381 502 1458">
    <p class='ocr_par' dir='ltr' id='par_1_4' title="bbox 301 1381 502 1458">
     <span class='ocr_line' id='line_1_5' title="bbox 301 1381 502 1458; baseline -0.02 -26"><span class='ocrx_word' id='word_1_22' title='bbox 301 1449 305 1458; x_wconf 95' lang='lat'><em>.</em></span> <span class='ocrx_word' id='word_1_23' title='bbox 345 1390 373 1433; x_wconf 87' lang='lat' dir='ltr'>to</span> <span class='ocrx_word' id='word_1_24' title='bbox 381 1381 502 1431; x_wconf 80' lang='lat' dir='ltr'>abdicate.</span> 
     </span>
    </p>
   </div>
   <div class='ocr_carea' id='block_1_5' title="bbox 345 699 1871 785">
    <p class='ocr_par' dir='ltr' id='par_1_5' title="bbox 345 699 1871 785">
     <span class='ocr_line' id='line_1_6' title="bbox 345 699 1871 785; baseline -0.003 -13"><span class='ocrx_word' id='word_1_25' title='bbox 345 723 420 774; x_wconf 68' lang='lat' dir='ltr'>Heia</span> <span class='ocrx_word' id='word_1_26' title='bbox 521 702 588 765; x_wconf 90' lang='lat' dir='ltr'>suis</span> <span class='ocrx_word' id='word_1_27' title='bbox 609 701 703 765; x_wconf 91' lang='lat' dir='ltr'>dictis</span> <span class='ocrx_word' id='word_1_28' title='bbox 726 699 782 764; x_wconf 87' lang='lat' dir='ltr'>iile</span> <span class='ocrx_word' id='word_1_29' title='bbox 806 701 1058 766; x_wconf 80' lang='lat' dir='ltr'>Herefordensis</span> <span class='ocrx_word' id='word_1_30' title='bbox 1077 702 1166 785; x_wconf 93' lang='lat' dir='ltr'>quod</span> <span class='ocrx_word' id='word_1_31' title='bbox 1189 711 1360 785; x_wconf 85' lang='lat' dir='ltr'>oporteret</span> <span class='ocrx_word' id='word_1_32' title='bbox 1383 721 1495 784; x_wconf 89' lang='lat' dir='ltr'>regern</span> <span class='ocrx_word' id='word_1_33' title='bbox 1518 703 1610 785; x_wconf 89' lang='lat' dir='ltr'>regni</span> <span class='ocrx_word' id='word_1_34' title='bbox 1632 702 1787 768; x_wconf 89' lang='lat' dir='ltr'>diadema</span> <span class='ocrx_word' id='word_1_35' title='bbox 1809 725 1871 768; x_wconf 92' lang='lat' dir='ltr'>suo</span> 
     </span>
    </p>
   </div>
   <div class='ocr_carea' id='block_1_6' title="bbox 344 788 1871 918">
    <p class='ocr_par' dir='ltr' id='par_1_6' title="bbox 344 788 1871 918">
     <span class='ocr_line' id='line_1_7' title="bbox 344 788 1871 918; baseline 0.003 -34"><span class='ocrx_word' id='word_1_36' title='bbox 344 788 477 918; x_wconf 38' lang='lat' dir='ltr'>{potasse</span> <span class='ocrx_word' id='word_1_37' title='bbox 522 822 744 904; x_wconf 90' lang='lat' dir='ltr'>primogenito</span> <span class='ocrx_word' id='word_1_38' title='bbox 765 822 940 904; x_wconf 88' lang='lat' dir='ltr'>resignare,</span> <span class='ocrx_word' id='word_1_39' title='bbox 955 831 1012 886; x_wconf 90' lang='lat' dir='ltr'>aut</span> <span class='ocrx_word' id='word_1_40' title='bbox 1033 833 1108 906; x_wconf 93' lang='lat' dir='ltr'>post</span> <span class='ocrx_word' id='word_1_41' title='bbox 1129 821 1179 886; x_wconf 93' lang='lat' dir='ltr'>sui</span> <span class='ocrx_word' id='word_1_42' title='bbox 1199 823 1372 906; x_wconf 88' lang='lat' dir='ltr'>repudium</span> <span class='ocrx_word' id='word_1_43' title='bbox 1389 822 1490 887; x_wconf 89' lang='lat' dir='ltr'>invite</span> <span class='ocrx_word' id='word_1_44' title='bbox 1511 823 1581 906; x_wconf 89' lang='lat' dir='ltr'>pati</span> <span class='ocrx_word' id='word_1_45' title='bbox 1601 826 1690 906; x_wconf 95' lang='lat' dir='ltr'>quod</span> <span class='ocrx_word' id='word_1_46' title='bbox 1711 823 1871 908; x_wconf 82' lang='lat' dir='ltr'><strong>eligerent</strong></span> 
     </span>
    </p>
   </div>
   <div class='ocr_carea' id='block_1_7' title="bbox 345 916 1873 1755">
    <p class='ocr_par' dir='ltr' id='par_1_7' title="bbox 345 916 1872 1270">
     <span class='ocr_line' id='line_1_8' title="bbox 345 916 1872 1035; baseline 0.003 -30"><span class='ocrx_word' id='word_1_47' title='bbox 345 916 478 1035; x_wconf 50' lang='lat' dir='ltr'>{iissgffi</span> <span class='ocrx_word' id='word_1_48' title='bbox 522 943 555 1006; x_wconf 94' lang='lat' dir='ltr'>in</span> <span class='ocrx_word' id='word_1_49' title='bbox 585 964 698 1026; x_wconf 91' lang='lat' dir='ltr'>regem</span> <span class='ocrx_word' id='word_1_50' title='bbox 729 963 971 1026; x_wconf 90' lang='lat' dir='ltr'>quemcumque</span> <span class='ocrx_word' id='word_1_51' title='bbox 999 944 1106 1008; x_wconf 93' lang='lat' dir='ltr'>visum</span> <span class='ocrx_word' id='word_1_52' title='bbox 1137 943 1217 1025; x_wconf 89' lang='lat' dir='ltr'>ipsis</span> <span class='ocrx_word' id='word_1_53' title='bbox 1245 943 1415 1026; x_wconf 88' lang='lat' dir='ltr'>apciorem</span> <span class='ocrx_word' id='word_1_54' title='bbox 1437 964 1498 1026; x_wconf 90' lang='lat' dir='ltr'>pro</span> <span class='ocrx_word' id='word_1_55' title='bbox 1521 944 1611 1027; x_wconf 87' lang='lat' dir='ltr'>regni</span> <span class='ocrx_word' id='word_1_56' title='bbox 1635 943 1748 1009; x_wconf 88' lang='lat' dir='ltr'>tutela.</span> <span class='ocrx_word' id='word_1_57' title='bbox 1795 945 1872 1009; x_wconf 89' lang='lat' dir='ltr'>Hiis</span> 
     </span>
     <span class='ocr_line' id='line_1_9' title="bbox 524 1062 1871 1148; baseline 0.001 -19"><span class='ocrx_word' id='word_1_58' title='bbox 524 1065 655 1143; x_wconf 86' lang='lat' dir='ltr'>auditis,</span> <span class='ocrx_word' id='word_1_59' title='bbox 672 1085 731 1128; x_wconf 86' lang='lat' dir='ltr'>rex</span> <span class='ocrx_word' id='word_1_60' title='bbox 754 1085 829 1129; x_wconf 93' lang='lat' dir='ltr'>cum</span> <span class='ocrx_word' id='word_1_61' title='bbox 852 1064 931 1129; x_wconf 86' lang='lat' dir='ltr'>fletu</span> <span class='ocrx_word' id='word_1_62' title='bbox 954 1074 988 1129; x_wconf 91' lang='lat' dir='ltr'>et</span> <span class='ocrx_word' id='word_1_63' title='bbox 1011 1063 1134 1129; x_wconf 91' lang='lat' dir='ltr'>eiulatu</span> <span class='ocrx_word' id='word_1_64' title='bbox 1157 1064 1325 1148; x_wconf 88' lang='lat' dir='ltr'>respondit</span> <span class='ocrx_word' id='word_1_65' title='bbox 1344 1064 1434 1146; x_wconf 93' lang='lat' dir='ltr'>quod</span> <span class='ocrx_word' id='word_1_66' title='bbox 1456 1062 1596 1128; x_wconf 87' lang='lat' dir='ltr'>multum</span> <span class='ocrx_word' id='word_1_67' title='bbox 1619 1064 1725 1130; x_wconf 91' lang='lat' dir='ltr'>doluit</span> <span class='ocrx_word' id='word_1_68' title='bbox 1747 1086 1807 1147; x_wconf 93' lang='lat' dir='ltr'>pro</span> <span class='ocrx_word' id='word_1_69' title='bbox 1831 1087 1871 1131; x_wconf 93' lang='lat' dir='ltr'>eo</span> 
     </span>
     <span class='ocr_line' id='line_1_10' title="bbox 525 1182 1871 1270; baseline 0.001 -21"><span class='ocrx_word' id='word_1_70' title='bbox 525 1186 614 1267; x_wconf 91' lang='lat' dir='ltr'>quod</span> <span class='ocrx_word' id='word_1_71' title='bbox 644 1185 785 1268; x_wconf 88' lang='lat' dir='ltr'>populus</span> <span class='ocrx_word' id='word_1_72' title='bbox 813 1185 863 1249; x_wconf 90' lang='lat' dir='ltr'>sui</span> <span class='ocrx_word' id='word_1_73' title='bbox 893 1186 985 1268; x_wconf 89' lang='lat' dir='ltr'>regni</span> <span class='ocrx_word' id='word_1_74' title='bbox 1008 1185 1118 1249; x_wconf 87' lang='lat' dir='ltr'>taliter</span> <span class='ocrx_word' id='word_1_75' title='bbox 1147 1194 1363 1266; x_wconf 89' lang='lat' dir='ltr'>exasperatus</span> <span class='ocrx_word' id='word_1_76' title='bbox 1385 1182 1469 1248; x_wconf 88' lang='lat' dir='ltr'>soret</span> <span class='ocrx_word' id='word_1_77' title='bbox 1499 1195 1614 1249; x_wconf 90' lang='lat' dir='ltr'>contra</span> <span class='ocrx_word' id='word_1_78' title='bbox 1644 1186 1760 1267; x_wconf 88' lang='lat' dir='ltr'>ipsum,</span> <span class='ocrx_word' id='word_1_79' title='bbox 1781 1188 1871 1270; x_wconf 89' lang='lat' dir='ltr'>quod</span> 
     </span>
    </p>

    <p class='ocr_par' dir='ltr' id='par_1_8' title="bbox 346 1304 1872 1388">
     <span class='ocr_line' id='line_1_11' title="bbox 346 1304 1872 1388; baseline 0.005 -24"><span class='ocrx_word' id='word_1_80' title='bbox 346 1316 389 1366; x_wconf 80' lang='lat' dir='ltr'>He</span> <span class='ocrx_word' id='word_1_81' title='bbox 400 1330 485 1380; x_wconf 76' lang='lat' dir='ltr'>agrees</span> <span class='ocrx_word' id='word_1_82' title='bbox 524 1326 617 1369; x_wconf 87' lang='lat' dir='ltr'>suam</span> <span class='ocrx_word' id='word_1_83' title='bbox 648 1307 910 1370; x_wconf 86' lang='lat' dir='ltr'>dominacionem</span> <span class='ocrx_word' id='word_1_84' title='bbox 940 1305 1122 1385; x_wconf 81' lang='lat' dir='ltr'>fastidiret3</span> <span class='ocrx_word' id='word_1_85' title='bbox 1158 1304 1300 1369; x_wconf 87' lang='lat' dir='ltr'>finaliter</span> <span class='ocrx_word' id='word_1_86' title='bbox 1329 1326 1461 1388; x_wconf 89' lang='lat' dir='ltr'>quoque</span> <span class='ocrx_word' id='word_1_87' title='bbox 1486 1306 1658 1370; x_wconf 91' lang='lat' dir='ltr'>subiunxit</span> <span class='ocrx_word' id='word_1_88' title='bbox 1681 1327 1741 1371; x_wconf 91' lang='lat' dir='ltr'>suo</span> <span class='ocrx_word' id='word_1_89' title='bbox 1771 1308 1872 1372; x_wconf 91' lang='lat' dir='ltr'>bene·</span> 
     </span>
    </p>

    <p class='ocr_par' dir='ltr' id='par_1_9' title="bbox 527 1425 1872 1511">
     <span class='ocr_line' id='line_1_12' title="bbox 527 1425 1872 1511; baseline 0.001 -21"><span class='ocrx_word' id='word_1_90' title='bbox 527 1427 650 1511; x_wconf 89' lang='lat' dir='ltr'>placito</span> <span class='ocrx_word' id='word_1_91' title='bbox 680 1426 778 1492; x_wconf 90' lang='lat' dir='ltr'>valde</span> <span class='ocrx_word' id='word_1_92' title='bbox 807 1427 1010 1503; x_wconf 91' lang='lat' dir='ltr'>convenisse,</span> <span class='ocrx_word' id='word_1_93' title='bbox 1045 1426 1134 1511; x_wconf 92' lang='lat' dir='ltr'>quod</span> <span class='ocrx_word' id='word_1_94' title='bbox 1172 1427 1297 1492; x_wconf 93' lang='lat' dir='ltr'>scilicet</span> <span class='ocrx_word' id='word_1_95' title='bbox 1334 1425 1421 1489; x_wconf 89' lang='lat' dir='ltr'>filius</span> <span class='ocrx_word' id='word_1_96' title='bbox 1458 1447 1536 1490; x_wconf 89' lang='lat' dir='ltr'>suus</span> <span class='ocrx_word' id='word_1_97' title='bbox 1573 1427 1700 1510; x_wconf 93' lang='lat' dir='ltr'>populo</span> <span class='ocrx_word' id='word_1_98' title='bbox 1730 1429 1777 1493; x_wconf 90' lang='lat' dir='ltr'>sic</span> <span class='ocrx_word' id='word_1_99' title='bbox 1810 1427 1872 1492; x_wconf 83' lang='lat' dir='ltr'>suit</span> 
     </span>
    </p>

    <p class='ocr_par' dir='ltr' id='par_1_10' title="bbox 523 1547 1871 1633">
     <span class='ocr_line' id='line_1_13' title="bbox 523 1547 1871 1633; baseline -0.001 -20"><span class='ocrx_word' id='word_1_100' title='bbox 523 1559 724 1632; x_wconf 87' lang='lat' dir='ltr'>acceptatus,</span> <span class='ocrx_word' id='word_1_101' title='bbox 746 1559 783 1614; x_wconf 94' lang='lat' dir='ltr'>ut</span> <span class='ocrx_word' id='word_1_102' title='bbox 806 1549 913 1633; x_wconf 89' lang='lat' dir='ltr'>ipsum</span> <span class='ocrx_word' id='word_1_103' title='bbox 937 1550 970 1613; x_wconf 93' lang='lat' dir='ltr'>in</span> <span class='ocrx_word' id='word_1_104' title='bbox 994 1570 1105 1632; x_wconf 87' lang='lat' dir='ltr'>regem</span> <span class='ocrx_word' id='word_1_105' title='bbox 1128 1549 1320 1613; x_wconf 84' lang='lat' dir='ltr'>affectarent</span> <span class='ocrx_word' id='word_1_106' title='bbox 1350 1547 1481 1612; x_wconf 89' lang='lat' dir='ltr'>habere.</span> <span class='ocrx_word' id='word_1_107' title='bbox 1528 1547 1568 1611; x_wconf 92' lang='lat' dir='ltr'>In</span> <span class='ocrx_word' id='word_1_108' title='bbox 1598 1549 1740 1615; x_wconf 89' lang='lat' dir='ltr'>crastino</span> <span class='ocrx_word' id='word_1_109' title='bbox 1771 1548 1871 1614; x_wconf 90' lang='lat' dir='ltr'>iidem</span> 
     </span>
    </p>

    <p class='ocr_par' dir='ltr' id='par_1_11' title="bbox 348 1669 1873 1755">
     <span class='ocr_line' id='line_1_14' title="bbox 348 1669 1873 1755; baseline 0.002 -23"><span class='ocrx_word' id='word_1_110' title='bbox 348 1683 404 1733; x_wconf 77' lang='lat' dir='ltr'>The</span> <span class='ocrx_word' id='word_1_111' title='bbox 525 1671 636 1736; x_wconf 92' lang='lat' dir='ltr'>nuncii</span> <span class='ocrx_word' id='word_1_112' title='bbox 658 1669 814 1754; x_wconf 87' lang='lat' dir='ltr'>homagia</span> <span class='ocrx_word' id='word_1_113' title='bbox 836 1679 870 1735; x_wconf 91' lang='lat' dir='ltr'>et</span> <span class='ocrx_word' id='word_1_114' title='bbox 894 1670 1086 1754; x_wconf 89' lang='lat' dir='ltr'>ligiamenta</span> <span class='ocrx_word' id='word_1_115' title='bbox 1107 1670 1244 1734; x_wconf 90' lang='lat' dir='ltr'>domino</span> <span class='ocrx_word' id='word_1_116' title='bbox 1276 1669 1443 1733; x_wconf 87' lang='lat' dir='ltr'>Edwardo</span> <span class='ocrx_word' id='word_1_117' title='bbox 1473 1670 1515 1734; x_wconf 92' lang='lat' dir='ltr'>de</span> <span class='ocrx_word' id='word_1_118' title='bbox 1545 1670 1742 1734; x_wconf 91' lang='lat' dir='ltr'>Karnarvan</span> <span class='ocrx_word' id='word_1_119' title='bbox 1770 1692 1873 1755; x_wconf 89' lang='lat' dir='ltr'>nuper</span> 
     </span>
    </p>
   </div>
   <div class='ocr_carea' id='block_1_8' title="bbox 347 1744 1872 1877">
    <p class='ocr_par' dir='ltr' id='par_1_12' title="bbox 347 1744 1872 1877">
     <span class='ocr_line' id='line_1_15' title="bbox 347 1744 1751 1806; baseline 0.005 -7"><span class='ocrx_word' id='word_1_120' title='bbox 347 1744 508 1799; x_wconf 82' lang='lat' dir='ltr'>membersoi</span> <span class='ocrx_word' id='word_1_121' title='bbox 584 1791 592 1806; x_wconf 76' lang='lat'><em>,</em></span> <span class='ocrx_word' id='word_1_122' title='bbox 870 1792 876 1805; x_wconf 85' lang='grc'><em>,</em></span> <span class='ocrx_word' id='word_1_123' title='bbox 972 1792 980 1806; x_wconf 83' lang='grc'>,</span> <span class='ocrx_word' id='word_1_124' title='bbox 1507 1753 1751 1806; x_wconf 77' lang='grc'><strong>.“““””“.’“”“““</strong></span> 
     </span>
     <span class='ocr_line' id='line_1_16' title="bbox 347 1788 1872 1877; baseline -0.006 -13"><span class='ocrx_word' id='word_1_125' title='bbox 347 1813 390 1864; x_wconf 81' lang='lat' dir='ltr'>the</span> <span class='ocrx_word' id='word_1_126' title='bbox 402 1813 502 1877; x_wconf 76' lang='lat' dir='ltr'>deputa·</span> <span class='ocrx_word' id='word_1_127' title='bbox 525 1812 603 1874; x_wconf 80' lang='lat' dir='ltr'>regi,</span> <span class='ocrx_word' id='word_1_128' title='bbox 617 1813 675 1874; x_wconf 90' lang='lat' dir='ltr'>per</span> <span class='ocrx_word' id='word_1_129' title='bbox 690 1811 808 1855; x_wconf 89' lang='lat' dir='ltr'>manus</span> <span class='ocrx_word' id='word_1_130' title='bbox 823 1790 981 1855; x_wconf 78' lang='lat' dir='ltr'>Willelmr</span> <span class='ocrx_word' id='word_1_131' title='bbox 997 1788 1131 1856; x_wconf 87' lang='lat' dir='ltr'>Trossel</span> <span class='ocrx_word' id='word_1_132' title='bbox 1148 1789 1270 1865; x_wconf 77' lang='lat' dir='ltr'>militis,</span> <span class='ocrx_word' id='word_1_133' title='bbox 1281 1809 1325 1853; x_wconf 92' lang='lat' dir='ltr'>ex</span> <span class='ocrx_word' id='word_1_134' title='bbox 1341 1799 1434 1872; x_wconf 89' lang='lat' dir='ltr'>parte</span> <span class='ocrx_word' id='word_1_135' title='bbox 1449 1799 1555 1854; x_wconf 80' lang='lat' dir='ltr'>tocius</span> <span class='ocrx_word' id='word_1_136' title='bbox 1566 1811 1658 1874; x_wconf 81' lang='lat' dir='ltr'>regni</span> <span class='ocrx_word' id='word_1_137' title='bbox 1675 1792 1872 1870; x_wconf 90' lang='lat' dir='ltr'>refuderunt,</span> 
     </span>
    </p>
   </div>
   <div class='ocr_carea' id='block_1_9' title="bbox 348 1888 1971 2136">
    <p class='ocr_par' dir='ltr' id='par_1_13' title="bbox 348 1888 1971 2136">
     <span class='ocr_line' id='line_1_17' title="bbox 348 1888 1971 2136; baseline 0 -159"><span class='ocrx_word' id='word_1_138' title='bbox 348 1888 472 1993; x_wconf 45' lang='lat' dir='ltr'>{mnam</span> <span class='ocrx_word' id='word_1_139' title='bbox 524 1923 559 1977; x_wconf 92' lang='lat' dir='ltr'>et</span> <span class='ocrx_word' id='word_1_140' title='bbox 574 1912 724 1976; x_wconf 87' lang='lat' dir='ltr'>Thomas</span> <span class='ocrx_word' id='word_1_141' title='bbox 747 1915 789 1977; x_wconf 94' lang='lat' dir='ltr'>de</span> <span class='ocrx_word' id='word_1_142' title='bbox 808 1910 931 1976; x_wconf 91' lang='lat' dir='ltr'>Blount</span> <span class='ocrx_word' id='word_1_143' title='bbox 954 1912 1057 1991; x_wconf 90' lang='lat' dir='ltr'>miles,</span> <span class='ocrx_word' id='word_1_144' title='bbox 1080 1911 1198 1995; x_wconf 90' lang='lat' dir='ltr'>regalis</span> <span class='ocrx_word' id='word_1_145' title='bbox 1220 1910 1336 1993; x_wconf 92' lang='lat' dir='ltr'>ospicii</span> <span class='ocrx_word' id='word_1_146' title='bbox 1358 1909 1565 1987; x_wconf 86' lang='lat' dir='ltr'><strong>senescallus,</strong></span> <span class='ocrx_word' id='word_1_147' title='bbox 1588 1911 1750 1978; x_wconf 79' lang='lat' dir='ltr'>fraccione</span> <span class='ocrx_word' id='word_1_148' title='bbox 1771 1913 1971 2136; x_wconf 40' lang='lat' dir='ltr'>virgatas</span> 
     </span>
    </p>
   </div>
   <div class='ocr_carea' id='block_1_10' title="bbox 348 2009 1874 2239">
    <p class='ocr_par' dir='ltr' id='par_1_14' title="bbox 348 2009 1874 2239">
     <span class='ocr_line' id='line_1_18' title="bbox 348 2009 1827 2116; baseline 0.001 -20"><span class='ocrx_word' id='word_1_149' title='bbox 348 2009 462 2072; x_wconf 79' lang='lat' dir='ltr'>homage.</span> <span class='ocrx_word' id='word_1_150' title='bbox 525 2055 621 2097; x_wconf 91' lang='lat' dir='ltr'>suum</span> <span class='ocrx_word' id='word_1_151' title='bbox 644 2033 787 2098; x_wconf 87' lang='lat' dir='ltr'>officium</span> <span class='ocrx_word' id='word_1_152' title='bbox 811 2033 1022 2116; x_wconf 88' lang='lat' dir='ltr'>designantis,</span> <span class='ocrx_word' id='word_1_153' title='bbox 1044 2032 1167 2116; x_wconf 88' lang='lat' dir='ltr'>regiam</span> <span class='ocrx_word' id='word_1_154' title='bbox 1191 2031 1351 2095; x_wconf 78' lang='lat' dir='ltr'>familiam</span> <span class='ocrx_word' id='word_1_155' title='bbox 1374 2032 1541 2097; x_wconf 86' lang='lat' dir='ltr'>nunciavit</span> <span class='ocrx_word' id='word_1_156' title='bbox 1563 2054 1636 2097; x_wconf 90' lang='lat' dir='ltr'>esse</span> <span class='ocrx_word' id='word_1_157' title='bbox 1660 2033 1827 2099; x_wconf 85' lang='lat' dir='ltr'>licenciata</span> 
     </span>
     <span class='ocr_line' id='line_1_19' title="bbox 348 2152 1874 2239; baseline 0 -22"><span class='ocrx_word' id='word_1_158' title='bbox 348 2161 481 2224; x_wconf 78' lang='lat' dir='ltr'>Reponto</span> <span class='ocrx_word' id='word_1_159' title='bbox 527 2154 607 2218; x_wconf 91' lang='lat' dir='ltr'><strong>Post</strong></span> <span class='ocrx_word' id='word_1_160' title='bbox 622 2153 683 2218; x_wconf 90' lang='lat' dir='ltr'>hec</span> <span class='ocrx_word' id='word_1_161' title='bbox 702 2155 745 2218; x_wconf 86' lang='lat' dir='ltr'>ad</span> <span class='ocrx_word' id='word_1_162' title='bbox 768 2152 1021 2238; x_wconf 87' lang='lat' dir='ltr'>parliamentum</span> <span class='ocrx_word' id='word_1_163' title='bbox 1045 2153 1229 2218; x_wconf 92' lang='lat' dir='ltr'>Londoniis</span> <span class='ocrx_word' id='word_1_164' title='bbox 1251 2152 1379 2228; x_wconf 91' lang='lat' dir='ltr'>reversi,</span> <span class='ocrx_word' id='word_1_165' title='bbox 1402 2152 1648 2237; x_wconf 87' lang='lat' dir='ltr'>responsionem</span> <span class='ocrx_word' id='word_1_166' title='bbox 1668 2155 1753 2237; x_wconf 86' lang='lat' dir='ltr'>regis</span> <span class='ocrx_word' id='word_1_167' title='bbox 1768 2154 1874 2239; x_wconf 87' lang='lat' dir='ltr'>plene,</span> 
     </span>
    </p>
   </div>
   <div class='ocr_carea' id='block_1_11' title="bbox 348 2225 1874 2396">
    <p class='ocr_par' dir='ltr' id='par_1_15' title="bbox 348 2225 1874 2396">
     <span class='ocr_line' id='line_1_20' title="bbox 348 2225 1766 2292; baseline 0.011 -19"><span class='ocrx_word' id='word_1_168' title='bbox 348 2225 534 2292; x_wconf 66' lang='lat' dir='ltr'>punientem,</span> <span class='ocrx_word' id='word_1_169' title='bbox 725 2275 733 2289; x_wconf 75' lang='lat'>‚</span> <span class='ocrx_word' id='word_1_170' title='bbox 1043 2274 1050 2289; x_wconf 83' lang='grc'>,</span> <span class='ocrx_word' id='word_1_171' title='bbox 1555 2273 1563 2288; x_wconf 91' lang='grc'><strong>.</strong></span> <span class='ocrx_word' id='word_1_172' title='bbox 1652 2273 1659 2287; x_wconf 89' lang='grc'><strong><em>.</em></strong></span> <span class='ocrx_word' id='word_1_173' title='bbox 1763 2284 1766 2289; x_wconf 93' lang='grc'><em>.</em></span> 
     </span>
     <span class='ocr_line' id='line_1_21' title="bbox 525 2272 1874 2396; baseline 0.001 -59"><span class='ocrx_word' id='word_1_174' title='bbox 525 2296 629 2339; x_wconf 78' lang='lat' dir='ltr'>immo</span> <span class='ocrx_word' id='word_1_175' title='bbox 644 2272 773 2381; x_wconf 75' lang='lat' dir='ltr'>plenius</span> <span class='ocrx_word' id='word_1_176' title='bbox 789 2296 888 2359; x_wconf 87' lang='lat' dir='ltr'>quam</span> <span class='ocrx_word' id='word_1_177' title='bbox 905 2274 991 2340; x_wconf 86' lang='lat' dir='ltr'>facta</span> <span class='ocrx_word' id='word_1_178' title='bbox 1007 2274 1076 2353; x_wconf 76' lang='lat' dir='ltr'>furt,</span> <span class='ocrx_word' id='word_1_179' title='bbox 1092 2274 1281 2339; x_wconf 91' lang='lat' dir='ltr'>retulerunt.</span> <span class='ocrx_word' id='word_1_180' title='bbox 1338 2272 1477 2381; x_wconf 52' lang='lat' dir='ltr'>Faffim</span> <span class='ocrx_word' id='word_1_181' title='bbox 1500 2292 1760 2396; x_wconf 53' lang='lat' dir='ltr'>fflggncronem</span> <span class='ocrx_word' id='word_1_182' title='bbox 1782 2294 1874 2341; x_wconf 89' lang='lat' dir='ltr'>com·</span> 
     </span>
    </p>
   </div>
   <div class='ocr_carea' id='block_1_12' title="bbox 374 2395 1874 2501">
    <p class='ocr_par' dir='ltr' id='par_1_16' title="bbox 374 2395 1874 2501">
     <span class='ocr_line' id='line_1_22' title="bbox 374 2395 1874 2501; baseline 0.001 -42"><span class='ocrx_word' id='word_1_183' title='bbox 374 2399 478 2451; x_wconf 57' lang='lat'>11⁰6*-</span> <span class='ocrx_word' id='word_1_184' title='bbox 527 2397 670 2461; x_wconf 86' lang='lat' dir='ltr'>munitas</span> <span class='ocrx_word' id='word_1_185' title='bbox 700 2397 801 2479; x_wconf 88' lang='lat' dir='ltr'>regni,</span> <span class='ocrx_word' id='word_1_186' title='bbox 823 2407 973 2461; x_wconf 90' lang='lat' dir='ltr'>veterum</span> <span class='ocrx_word' id='word_1_187' title='bbox 1004 2395 1214 2498; x_wconf 80' lang='lat' dir='ltr'>fastidiatrix</span> <span class='ocrx_word' id='word_1_188' title='bbox 1237 2415 1396 2458; x_wconf 93' lang='lat' dir='ltr'>novorum</span> <span class='ocrx_word' id='word_1_189' title='bbox 1427 2414 1558 2501; x_wconf 74' lang='lat' dir='ltr'>semper</span> <span class='ocrx_word' id='word_1_190' title='bbox 1586 2404 1699 2499; x_wconf 80' lang='lat' dir='ltr'>appeti</span> <span class='ocrx_word' id='word_1_191' title='bbox 1717 2416 1777 2474; x_wconf 76' lang='lat' dir='ltr'>rur,</span> <span class='ocrx_word' id='word_1_192' title='bbox 1799 2416 1874 2478; x_wconf 90' lang='lat' dir='ltr'>gra·</span> 
     </span>
    </p>
   </div>
   <div class='ocr_carea' id='block_1_13' title="bbox 528 2494 1875 2601">
    <p class='ocr_par' dir='ltr' id='par_1_17' title="bbox 528 2494 1875 2601">
     <span class='ocr_line' id='line_1_23' title="bbox 528 2494 1875 2601; baseline 0 -20"><span class='ocrx_word' id='word_1_193' title='bbox 528 2527 637 2581; x_wconf 84' lang='lat' dir='ltr'>tantcr</span> <span class='ocrx_word' id='word_1_194' title='bbox 648 2518 836 2595; x_wconf 88' lang='lat' dir='ltr'>admittens,</span> <span class='ocrx_word' id='word_1_195' title='bbox 848 2538 944 2582; x_wconf 90' lang='lat' dir='ltr'>suum</span> <span class='ocrx_word' id='word_1_196' title='bbox 960 2516 1215 2601; x_wconf 90' lang='lat' dir='ltr'>primogenitum</span> <span class='ocrx_word' id='word_1_197' title='bbox 1231 2513 1401 2578; x_wconf 91' lang='lat' dir='ltr'>dominum</span> <span class='ocrx_word' id='word_1_198' title='bbox 1418 2494 1629 2592; x_wconf 83' lang='lat' dir='ltr'>Edwardum,</span> <span class='ocrx_word' id='word_1_199' title='bbox 1644 2496 1732 2580; x_wconf 91' lang='lat' dir='ltr'>bone</span> <span class='ocrx_word' id='word_1_200' title='bbox 1747 2515 1875 2595; x_wconf 87' lang='lat' dir='ltr'>indolis,</span> 
     </span>
    </p>
   </div>
   <div class='ocr_carea' id='block_1_14' title="bbox 527 2633 1875 2741">
    <p class='ocr_par' dir='ltr' id='par_1_18' title="bbox 527 2633 1875 2741">
     <span class='ocr_line' id='line_1_24' title="bbox 527 2633 1875 2741; baseline 0.001 -40"><span class='ocrx_word' id='word_1_201' title='bbox 527 2639 679 2702; x_wconf 91' lang='lat' dir='ltr'>undecim</span> <span class='ocrx_word' id='word_1_202' title='bbox 702 2659 873 2741; x_wconf 65' lang='lat' dir='ltr'>annorum,</span> <span class='ocrx_word' id='word_1_203' title='bbox 897 2638 1142 2724; x_wconf 82' lang='lat' dir='ltr'>promptissime</span> <span class='ocrx_word' id='word_1_204' title='bbox 1164 2635 1281 2712; x_wconf 88' lang='lat' dir='ltr'>erexit,</span> <span class='ocrx_word' id='word_1_205' title='bbox 1301 2644 1337 2699; x_wconf 93' lang='lat' dir='ltr'>ut</span> <span class='ocrx_word' id='word_1_206' title='bbox 1360 2633 1441 2697; x_wconf 81' lang='lat' dir='ltr'>infra</span> <span class='ocrx_word' id='word_1_207' title='bbox 1463 2633 1592 2718; x_wconf 88' lang='lat' dir='ltr'>plenius</span> <span class='ocrx_word' id='word_1_208' title='bbox 1614 2636 1741 2702; x_wconf 90' lang='lat' dir='ltr'>dicetur</span> <span class='ocrx_word' id='word_1_209' title='bbox 1748 2658 1756 2711; x_wconf 90' lang='lat'>;</span> <span class='ocrx_word' id='word_1_210' title='bbox 1784 2637 1875 2702; x_wconf 87' lang='lat' dir='ltr'>cuius</span> 
     </span>
    </p>
   </div>
   <div class='ocr_carea' id='block_1_15' title="bbox 534 2719 734 2745">
    <p class='ocr_par' dir='ltr' id='par_1_19' title="bbox 534 2719 734 2745">
     <span class='ocr_line' id='line_1_25' title="bbox 534 2719 734 2745; baseline 0.01 -2"><span class='ocrx_word' id='word_1_211' title='bbox 534 2719 734 2745; x_wconf 52' lang='lat' dir='ltr'><em>m</em></span> 
     </span>
    </p>
   </div>
   <div class='ocr_carea' id='block_1_16' title="bbox 526 2755 1875 2844">
    <p class='ocr_par' dir='ltr' id='par_1_20' title="bbox 526 2755 1875 2844">
     <span class='ocr_line' id='line_1_26' title="bbox 526 2755 1875 2844; baseline 0.001 -22"><span class='ocrx_word' id='word_1_212' title='bbox 526 2759 667 2841; x_wconf 91' lang='lat' dir='ltr'>puericia</span> <span class='ocrx_word' id='word_1_213' title='bbox 682 2760 881 2843; x_wconf 91' lang='lat' dir='ltr'>quibusdam</span> <span class='ocrx_word' id='word_1_214' title='bbox 902 2780 942 2824; x_wconf 91' lang='lat' dir='ltr'>eo</span> <span class='ocrx_word' id='word_1_215' title='bbox 960 2759 1033 2844; x_wconf 91' lang='lat' dir='ltr'>plus</span> <span class='ocrx_word' id='word_1_216' title='bbox 1052 2759 1148 2824; x_wconf 86' lang='lat' dir='ltr'>cessit</span> <span class='ocrx_word' id='word_1_217' title='bbox 1170 2758 1213 2822; x_wconf 90' lang='lat' dir='ltr'>ad</span> <span class='ocrx_word' id='word_1_218' title='bbox 1235 2767 1361 2832; x_wconf 90' lang='lat' dir='ltr'>votum,</span> <span class='ocrx_word' id='word_1_219' title='bbox 1377 2775 1442 2838; x_wconf 95' lang='lat' dir='ltr'>quo</span> <span class='ocrx_word' id='word_1_220' title='bbox 1458 2755 1520 2820; x_wconf 90' lang='lat' dir='ltr'>sub</span> <span class='ocrx_word' id='word_1_221' title='bbox 1543 2766 1612 2821; x_wconf 90' lang='lat' dir='ltr'>tam</span> <span class='ocrx_word' id='word_1_222' title='bbox 1637 2757 1728 2821; x_wconf 91' lang='lat' dir='ltr'>molli</span> <span class='ocrx_word' id='word_1_223' title='bbox 1743 2768 1875 2841; x_wconf 88' lang='lat' dir='ltr'>pastore</span> 
     </span>
    </p>
   </div>
   <div class='ocr_carea' id='block_1_17' title="bbox 350 2871 1876 3091">
    <p class='ocr_par' dir='ltr' id='par_1_21' title="bbox 350 2871 1876 3091">
     <span class='ocr_line' id='line_1_27' title="bbox 351 2871 1876 2969; baseline 0 -32"><span class='ocrx_word' id='word_1_224' title='bbox 351 2888 438 2969; x_wconf 39' lang='lat' dir='ltr'>The·</span> <span class='ocrx_word' id='word_1_225' title='bbox 527 2876 705 2957; x_wconf 91' lang='lat' dir='ltr'>sperabant</span> <span class='ocrx_word' id='word_1_226' title='bbox 734 2895 868 2959; x_wconf 86' lang='lat' dir='ltr'>gregem</span> <span class='ocrx_word' id='word_1_227' title='bbox 899 2877 989 2959; x_wconf 89' lang='lat' dir='ltr'>regni</span> <span class='ocrx_word' id='word_1_228' title='bbox 1013 2876 1078 2940; x_wconf 90' lang='lat' dir='ltr'>suis</span> <span class='ocrx_word' id='word_1_229' title='bbox 1101 2875 1203 2938; x_wconf 88' lang='lat' dir='ltr'>libitis</span> <span class='ocrx_word' id='word_1_230' title='bbox 1234 2873 1367 2938; x_wconf 76' lang='lat' dir='ltr'>minare</span> <span class='ocrx_word' id='word_1_231' title='bbox 1413 2871 1541 2956; x_wconf 89' lang='lat' dir='ltr'>Regine</span> <span class='ocrx_word' id='word_1_232' title='bbox 1570 2894 1712 2957; x_wconf 87' lang='lat' dir='ltr'>quoque,</span> <span class='ocrx_word' id='word_1_233' title='bbox 1741 2875 1876 2939; x_wconf 93' lang='lat' dir='ltr'>domine</span> 
     </span>
     <span class='ocr_line' id='line_1_28' title="bbox 350 2969 1875 3091; baseline -0.001 -31"><span class='ocrx_word' id='word_1_234' title='bbox 350 2969 452 3068; x_wconf 46' lang='lat' dir='ltr'>“iffi&#39;&#39;</span> <span class='ocrx_word' id='word_1_235' title='bbox 528 2995 651 3060; x_wconf 91' lang='lat' dir='ltr'>scilicet</span> <span class='ocrx_word' id='word_1_236' title='bbox 675 2995 818 3060; x_wconf 90' lang='lat' dir='ltr'>Isabelle</span> <span class='ocrx_word' id='word_1_237' title='bbox 839 2997 882 3060; x_wconf 91' lang='lat' dir='ltr'>de</span> <span class='ocrx_word' id='word_1_238' title='bbox 907 2996 1128 3091; x_wconf 73' lang='lat' dir='ltr'>Caymaruam</span> <span class='ocrx_word' id='word_1_239' title='bbox 1147 2994 1207 3060; x_wconf 91' lang='lat' dir='ltr'>fuit</span> <span class='ocrx_word' id='word_1_240' title='bbox 1229 2992 1305 3058; x_wconf 91' lang='lat' dir='ltr'>talis</span> <span class='ocrx_word' id='word_1_241' title='bbox 1326 3013 1365 3057; x_wconf 91' lang='lat' dir='ltr'>ac</span> <span class='ocrx_word' id='word_1_242' title='bbox 1387 3000 1482 3057; x_wconf 86' lang='lat' dir='ltr'>tanta</span> <span class='ocrx_word' id='word_1_243' title='bbox 1503 2992 1564 3057; x_wconf 94' lang='lat' dir='ltr'>dos</span> <span class='ocrx_word' id='word_1_244' title='bbox 1587 2995 1765 3076; x_wconf 89' lang='lat' dir='ltr'>assignata,</span> <span class='ocrx_word' id='word_1_245' title='bbox 1784 2994 1875 3077; x_wconf 90' lang='lat' dir='ltr'>quod</span> 
     </span>
    </p>
   </div>
   <div class='ocr_carea' id='block_1_18' title="bbox 200 3093 1877 3225">
    <p class='ocr_par' dir='ltr' id='par_1_22' title="bbox 200 3093 1877 3225">
     <span class='ocr_line' id='line_1_29' title="bbox 200 3093 1877 3225; baseline 0 -47"><span class='ocrx_word' id='word_1_246' title='bbox 200 3129 210 3142; x_wconf 87' lang='grc'>·</span> <span class='ocrx_word' id='word_1_247' title='bbox 231 3093 383 3225; x_wconf 46' lang='lat' dir='ltr'>ts</span> <span class='ocrx_word' id='word_1_248' title='bbox 529 3117 597 3198; x_wconf 87' lang='lat' dir='ltr'>regi</span> <span class='ocrx_word' id='word_1_249' title='bbox 621 3114 689 3180; x_wconf 87' lang='lat' dir='ltr'>filio</span> <span class='ocrx_word' id='word_1_250' title='bbox 712 3136 772 3180; x_wconf 91' lang='lat' dir='ltr'>suo</span> <span class='ocrx_word' id='word_1_251' title='bbox 795 3126 829 3182; x_wconf 93' lang='lat' dir='ltr'>et</span> <span class='ocrx_word' id='word_1_252' title='bbox 853 3117 964 3214; x_wconf 78' lang='lat' dir='ltr'>regine</span> <span class='ocrx_word' id='word_1_253' title='bbox 988 3117 1137 3200; x_wconf 91' lang='lat' dir='ltr'>Philippe</span> <span class='ocrx_word' id='word_1_254' title='bbox 1158 3117 1216 3179; x_wconf 89' lang='lat' dir='ltr'>vix</span> <span class='ocrx_word' id='word_1_255' title='bbox 1240 3115 1396 3179; x_wconf 92' lang='lat' dir='ltr'>remansit</span> <span class='ocrx_word' id='word_1_256' title='bbox 1419 3113 1519 3179; x_wconf 88' lang='lat' dir='ltr'>tercia</span> <span class='ocrx_word' id='word_1_257' title='bbox 1542 3134 1618 3197; x_wconf 90' lang='lat' dir='ltr'>pars</span> <span class='ocrx_word' id='word_1_258' title='bbox 1639 3113 1728 3197; x_wconf 83' lang='lat' dir='ltr'>regie</span> <span class='ocrx_word' id='word_1_259' title='bbox 1756 3135 1877 3179; x_wconf 89' lang='lat' dir='ltr'>corone</span> 
     </span>
    </p>
   </div>
   <div class='ocr_carea' id='block_1_19' title="bbox 244 3227 285 3247">
    <p class='ocr_par' dir='ltr' id='par_1_23' title="bbox 244 3227 285 3247">
     <span class='ocr_line' id='line_1_30' title="bbox 244 3227 285 3247; baseline 0 0"><span class='ocrx_word' id='word_1_260' title='bbox 244 3227 285 3247; x_wconf 52' lang='lat' dir='ltr'>V</span> 
     </span>
    </p>
   </div>
   <div class='ocr_carea' id='block_1_20' title="bbox 87 3316 298 3583">
    <p class='ocr_par' dir='ltr' id='par_1_24' title="bbox 87 3316 298 3583">
     <span class='ocr_line' id='line_1_31' title="bbox 87 3316 298 3583; baseline -0.057 0"><span class='ocrx_word' id='word_1_261' title='bbox 87 3316 298 3583; x_wconf 55' lang='lat' dir='ltr'>nilo</span> 
     </span>
    </p>
   </div>
   <div class='ocr_carea' id='block_1_21' title="bbox 351 3226 1878 3437">
    <p class='ocr_par' dir='ltr' id='par_1_25' title="bbox 351 3226 1878 3437">
     <span class='ocr_line' id='line_1_32' title="bbox 351 3226 1878 3319; baseline -0.001 -19"><span class='ocrx_word' id='word_1_262' title='bbox 351 3237 497 3287; x_wconf 76' lang='lat' dir='ltr'>Allowance</span> <span class='ocrx_word' id='word_1_263' title='bbox 528 3236 775 3319; x_wconf 88' lang='lat' dir='ltr'>pertinencium.</span> <span class='ocrx_word' id='word_1_264' title='bbox 820 3237 967 3301; x_wconf 90' lang='lat' dir='ltr'>Domino</span> <span class='ocrx_word' id='word_1_265' title='bbox 978 3258 1057 3302; x_wconf 91' lang='lat' dir='ltr'>vero</span> <span class='ocrx_word' id='word_1_266' title='bbox 1074 3226 1240 3300; x_wconf 73' lang='lat' dir='ltr'>Edw&#39;ardo</span> <span class='ocrx_word' id='word_1_267' title='bbox 1256 3236 1298 3299; x_wconf 89' lang='lat' dir='ltr'>de</span> <span class='ocrx_word' id='word_1_268' title='bbox 1317 3234 1537 3318; x_wconf 85' lang='lat' dir='ltr'>Cayrnarvan,</span> <span class='ocrx_word' id='word_1_269' title='bbox 1553 3234 1681 3299; x_wconf 89' lang='lat' dir='ltr'>comitis</span> <span class='ocrx_word' id='word_1_270' title='bbox 1697 3233 1878 3300; x_wconf 89' lang='lat' dir='ltr'>Leicestrie</span> 
     </span>
     <span class='ocr_line' id='line_1_33' title="bbox 351 3320 1878 3437; baseline -0.001 -19"><span class='ocrx_word' id='word_1_271' title='bbox 351 3320 466 3419; x_wconf 48' lang='lat' dir='ltr'>guard.</span> <span class='ocrx_word' id='word_1_272' title='bbox 531 3353 692 3437; x_wconf 90' lang='lat' dir='ltr'>deputato</span> <span class='ocrx_word' id='word_1_273' title='bbox 707 3354 865 3433; x_wconf 89' lang='lat' dir='ltr'>custodie,</span> <span class='ocrx_word' id='word_1_274' title='bbox 881 3365 1014 3420; x_wconf 88' lang='lat' dir='ltr'>centum</span> <span class='ocrx_word' id='word_1_275' title='bbox 1032 3374 1157 3419; x_wconf 87' lang='lat' dir='ltr'>marcas</span> <span class='ocrx_word' id='word_1_276' title='bbox 1177 3372 1238 3435; x_wconf 88' lang='lat' dir='ltr'>pro</span> <span class='ocrx_word' id='word_1_277' title='bbox 1263 3371 1374 3417; x_wconf 91' lang='lat' dir='ltr'>mense</span> <span class='ocrx_word' id='word_1_278' title='bbox 1389 3352 1627 3434; x_wconf 86' lang='lat' dir='ltr'>expendendas</span> <span class='ocrx_word' id='word_1_279' title='bbox 1643 3352 1878 3416; x_wconf 87' lang='lat' dir='ltr'>ordinaverunt</span> 
     </span>
    </p>
   </div>
   <div class='ocr_carea' id='block_1_22' title="bbox 527 3471 1877 3679">
    <p class='ocr_par' dir='ltr' id='par_1_26' title="bbox 527 3471 1877 3679">
     <span class='ocr_line' id='line_1_34' title="bbox 532 3471 1877 3560; baseline 0.001 -24"><span class='ocrx_word' id='word_1_280' title='bbox 532 3475 641 3557; x_wconf 86' lang='lat' dir='ltr'>regina</span> <span class='ocrx_word' id='word_1_281' title='bbox 657 3484 691 3540; x_wconf 91' lang='lat' dir='ltr'>et</span> <span class='ocrx_word' id='word_1_282' title='bbox 707 3475 902 3560; x_wconf 78' lang='lat' dir='ltr'>episcopus²</span> <span class='ocrx_word' id='word_1_283' title='bbox 917 3473 1169 3540; x_wconf 83' lang='lat' dir='ltr'>Heresordensis</span> <span class='ocrx_word' id='word_1_284' title='bbox 1187 3483 1221 3538; x_wconf 91' lang='lat' dir='ltr'>et</span> <span class='ocrx_word' id='word_1_285' title='bbox 1238 3472 1390 3556; x_wconf 92' lang='lat' dir='ltr'>Rogerus</span> <span class='ocrx_word' id='word_1_286' title='bbox 1411 3473 1454 3536; x_wconf 94' lang='lat' dir='ltr'>de</span> <span class='ocrx_word' id='word_1_287' title='bbox 1474 3471 1610 3538; x_wconf 90' lang='lat' dir='ltr'>Mortuo</span> <span class='ocrx_word' id='word_1_288' title='bbox 1626 3472 1717 3550; x_wconf 89' lang='lat' dir='ltr'>mari,</span> <span class='ocrx_word' id='word_1_289' title='bbox 1733 3472 1776 3537; x_wconf 93' lang='lat' dir='ltr'>de</span> <span class='ocrx_word' id='word_1_290' title='bbox 1797 3472 1877 3538; x_wconf 87' lang='lat' dir='ltr'>fisco</span> 
     </span>
     <span class='ocr_line' id='line_1_35' title="bbox 527 3594 895 3679; baseline 0.019 -20"><span class='ocrx_word' id='word_1_291' title='bbox 527 3594 627 3679; x_wconf 82' lang='lat' dir='ltr'>regali</span> <span class='ocrx_word' id='word_1_292' title='bbox 649 3596 895 3667; x_wconf 72' lang='lat' dir='ltr'>tribuendasx</span> 
     </span>
    </p>
   </div>
   <div class='ocr_carea' id='block_1_23' title="bbox 352 3713 1877 3862">
    <p class='ocr_par' dir='ltr' id='par_1_27' title="bbox 352 3713 1877 3862">
     <span class='ocr_line' id='line_1_36' title="bbox 353 3713 1877 3811; baseline -0.007 -26"><span class='ocrx_word' id='word_1_293' title='bbox 353 3748 396 3798; x_wconf 81' lang='lat' dir='ltr'>He</span> <span class='ocrx_word' id='word_1_294' title='bbox 407 3747 429 3797; x_wconf 78' lang='lat' dir='ltr'>is</span> <span class='ocrx_word' id='word_1_295' title='bbox 439 3745 501 3811; x_wconf 83' lang='lat' dir='ltr'>kept</span> <span class='ocrx_word' id='word_1_296' title='bbox 616 3718 734 3801; x_wconf 89' lang='lat' dir='ltr'>Itaque</span> <span class='ocrx_word' id='word_1_297' title='bbox 756 3739 933 3801; x_wconf 90' lang='lat' dir='ltr'>generosus</span> <span class='ocrx_word' id='word_1_298' title='bbox 959 3718 1113 3784; x_wconf 91' lang='lat' dir='ltr'>dominus</span> <span class='ocrx_word' id='word_1_299' title='bbox 1144 3716 1337 3795; x_wconf 88' lang='lat' dir='ltr'>Edwardus,</span> <span class='ocrx_word' id='word_1_300' title='bbox 1359 3715 1528 3797; x_wconf 88' lang='lat' dir='ltr'>quondam</span> <span class='ocrx_word' id='word_1_301' title='bbox 1552 3734 1621 3791; x_wconf 88' lang='lat' dir='ltr'>rex,</span> <span class='ocrx_word' id='word_1_302' title='bbox 1647 3713 1736 3796; x_wconf 86' lang='lat' dir='ltr'>regie</span> <span class='ocrx_word' id='word_1_303' title='bbox 1758 3731 1877 3777; x_wconf 90' lang='lat' dir='ltr'>corone</span> 
     </span>
     <span class='ocr_line' id='line_1_37' title="bbox 352 3813 433 3862; baseline 0 0"><span class='ocrx_word' id='word_1_304' title='bbox 352 3815 378 3862; x_wconf 88' lang='lat' dir='ltr'>in</span> <span class='ocrx_word' id='word_1_305' title='bbox 390 3813 433 3862; x_wconf 86' lang='lat' dir='ltr'>the</span> 
     </span>
    </p>
   </div>
   <div class='ocr_carea' id='block_1_24' title="bbox 352 3833 1878 3940">
    <p class='ocr_par' dir='ltr' id='par_1_28' title="bbox 352 3833 1878 3940">
     <span class='ocr_line' id='line_1_38' title="bbox 352 3833 1878 3940; baseline -0.009 -32"><span class='ocrx_word' id='word_1_306' title='bbox 352 3877 498 3940; x_wconf 78' lang='lat' dir='ltr'>custodyor</span> <span class='ocrx_word' id='word_1_307' title='bbox 528 3848 629 3922; x_wconf 91' lang='lat' dir='ltr'>atque</span> <span class='ocrx_word' id='word_1_308' title='bbox 651 3837 836 3905; x_wconf 84' lang='lat' dir='ltr'>libertatis³</span> <span class='ocrx_word' id='word_1_309' title='bbox 858 3840 1080 3923; x_wconf 86' lang='lat' dir='ltr'>privacionem</span> <span class='ocrx_word' id='word_1_310' title='bbox 1107 3861 1168 3938; x_wconf 83' lang='lat' dir='ltr'>pro</span> <span class='ocrx_word' id='word_1_311' title='bbox 1194 3858 1308 3903; x_wconf 90' lang='lat' dir='ltr'>amore</span> <span class='ocrx_word' id='word_1_312' title='bbox 1333 3837 1407 3901; x_wconf 89' lang='lat' dir='ltr'>Iesu</span> <span class='ocrx_word' id='word_1_313' title='bbox 1440 3834 1563 3899; x_wconf 90' lang='lat' dir='ltr'>Christi</span> <span class='ocrx_word' id='word_1_314' title='bbox 1589 3833 1743 3918; x_wconf 74' lang='lat' dir='ltr'>ppeauris</span> <span class='ocrx_word' id='word_1_315' title='bbox 1774 3834 1878 3898; x_wconf 91' lang='lat' dir='ltr'>cruci·</span> 
     </span>
    </p>
   </div>
   <div class='ocr_carea' id='block_1_25' title="bbox 353 3942 1878 4072">
    <p class='ocr_par' dir='ltr' id='par_1_29' title="bbox 353 3942 1878 4072">
     <span class='ocr_line' id='line_1_39' title="bbox 353 3942 1878 4061; baseline -0.005 -39"><span class='ocrx_word' id='word_1_316' title='bbox 353 3942 497 4061; x_wconf 44' lang='lat' dir='ltr'>ffiggssesss</span> <span class='ocrx_word' id='word_1_317' title='bbox 530 3959 588 4023; x_wconf 87' lang='lat' dir='ltr'>fixi</span> <span class='ocrx_word' id='word_1_318' title='bbox 621 3961 788 4044; x_wconf 88' lang='lat' dir='ltr'>pacienter</span> <span class='ocrx_word' id='word_1_319' title='bbox 824 3961 1012 4038; x_wconf 88' lang='lat' dir='ltr'>admittens,</span> <span class='ocrx_word' id='word_1_320' title='bbox 1050 3980 1125 4025; x_wconf 92' lang='lat' dir='ltr'>cum</span> <span class='ocrx_word' id='word_1_321' title='bbox 1163 3980 1223 4024; x_wconf 91' lang='lat' dir='ltr'>suo</span> <span class='ocrx_word' id='word_1_322' title='bbox 1260 3955 1503 4040; x_wconf 89' lang='lat' dir='ltr'>consanguineo</span> <span class='ocrx_word' id='word_1_323' title='bbox 1541 3954 1663 4020; x_wconf 89' lang='lat' dir='ltr'>comite</span> <span class='ocrx_word' id='word_1_324' title='bbox 1699 3953 1878 4019; x_wconf 86' lang='lat' dir='ltr'>Leicestrie</span> 
     </span>
     <span class='ocr_line' id='line_1_40' title="bbox 480 4046 740 4072; baseline 0 0"><span class='ocrx_word' id='word_1_325' title='bbox 480 4046 485 4057; x_wconf 83' lang='lat'>⁸</span> <span class='ocrx_word' id='word_1_326' title='bbox 531 4049 740 4072; x_wconf 44' lang='grc' dir='ltr'>’.Μ-ιιι·-</span> 
     </span>
    </p>
   </div>
   <div class='ocr_carea' id='block_1_26' title="bbox 709 4123 1712 4275">
    <p class='ocr_par' dir='ltr' id='par_1_30' title="bbox 709 4123 1712 4275">
     <span class='ocr_line' id='line_1_41' title="bbox 709 4123 1712 4202; baseline -0.005 -16"><span class='ocrx_word' id='word_1_327' title='bbox 709 4130 717 4163; x_wconf 86' lang='lat'>¹</span> <span class='ocrx_word' id='word_1_328' title='bbox 737 4148 839 4202; x_wconf 84' lang='lat' dir='ltr'>regem.</span> <span class='ocrx_word' id='word_1_329' title='bbox 858 4134 890 4188; x_wconf 90' lang='lat' dir='ltr'>B.</span> <span class='ocrx_word' id='word_1_330' title='bbox 998 4130 1009 4164; x_wconf 76' lang='lat'>²</span> <span class='ocrx_word' id='word_1_331' title='bbox 1026 4131 1077 4188; x_wconf 85' lang='lat' dir='ltr'>An</span> <span class='ocrx_word' id='word_1_332' title='bbox 1088 4130 1242 4186; x_wconf 80' lang='lat' dir='ltr'>alteration</span> <span class='ocrx_word' id='word_1_333' title='bbox 1254 4127 1423 4200; x_wconf 73' lang='lat' dir='ltr'>apparently</span> <span class='ocrx_word' id='word_1_334' title='bbox 1426 4125 1508 4198; x_wconf 65' lang='lat' dir='ltr'>stom</span> <span class='ocrx_word' id='word_1_335' title='bbox 1521 4123 1659 4187; x_wconf 83' lang='lat' dir='ltr'>dominus.</span> <span class='ocrx_word' id='word_1_336' title='bbox 1679 4127 1712 4181; x_wconf 85' lang='lat' dir='ltr'>B.</span> 
     </span>
     <span class='ocr_line' id='line_1_42' title="bbox 1075 4217 1317 4275; baseline -0.012 -1"><span class='ocrx_word' id='word_1_337' title='bbox 1075 4217 1085 4250; x_wconf 82' lang='lat'><strong>³</strong></span> <span class='ocrx_word' id='word_1_338' title='bbox 1103 4218 1237 4275; x_wconf 88' lang='lat' dir='ltr'>libertate.</span> <span class='ocrx_word' id='word_1_339' title='bbox 1257 4219 1289 4272; x_wconf 90' lang='lat' dir='ltr'>B.</span> <span class='ocrx_word' id='word_1_340' title='bbox 1316 4253 1317 4258; x_wconf 21' lang='grc' dir='ltr'><strong><em>κ</em></strong></span> 
     </span>
    </p>
   </div>
   <div class='ocr_carea' id='block_1_27' title="bbox 1909 3005 2099 3201">
    <p class='ocr_par' dir='ltr' id='par_1_31' title="bbox 1909 3005 2099 3201">
     <span class='ocr_line' id='line_1_43' title="bbox 1909 3005 2099 3201; baseline 0 0"><span class='ocrx_word' id='word_1_341' title='bbox 1909 3005 2099 3201; x_wconf 37' lang='lat' dir='ltr'>”spot</span> 
     </span>
    </p>
   </div>
   <div class='ocr_carea' id='block_1_28' title="bbox 0 0 2156 4890">
    <p class='ocr_par' dir='ltr' id='par_1_32' title="bbox 0 0 2156 4890">
     <span class='ocr_line' id='line_1_44' title="bbox 0 0 2156 4890; baseline 0 0"><span class='ocrx_word' id='word_1_342' title='bbox 0 0 2156 4890; x_wconf 95' lang='lat' dir='ltr'> </span> 
     </span>
    </p>
   </div>
  </div>
 </body>
</html>
