4282 4890
307 64 625 209 nna
661 104 807 251 l
896 48 1038 261 l
1092 34 1264 197 u
1293 55 1457 223 u
1486 72 1551 199 a.
1579 76 1630 205 n
1749 106 1875 233 n

496 327 539 392 30
930 315 1175 373 CHRONICON
1203 315 1406 371 uniamur
1466 274 1672 356 W
1690 268 2068 506 ωήξ

321 532 392 580 Μ).
400 532 476 584 1³27,
497 513 600 577 suerat
615 512 827 579 commissum
843 514 1019 579 autoritate
1035 515 1214 598 principali,
1237 525 1273 579 ut
1296 517 1329 578 in
1347 534 1588 598 quamcumque
1604 513 1695 598 regni
1710 511 1844 598 plagam
1944 602 1950 614 .

350 624 449 634 -“
497 634 707 712 declinarent,
734 636 842 699 omnis
869 635 1030 710 fortalicii,
1053 637 1151 700 castri
1178 657 1235 700 seu
1253 635 1339 713 ville,
1359 636 1517 718 quamdiu
1543 635 1623 719 ipsis
1645 635 1788 718 placeret
1811 646 1844 699 et

497 757 780 837 quandocumque,
801 757 985 821 custodiam
1000 756 1168 834 haberent,
1184 758 1332 840 quolibet
1355 758 1397 821 de
1419 777 1520 840 regno
1541 757 1604 822 sub
1620 746 1705 841 pena
1727 755 1844 821 confis-

322 894 476 944 Heisuken
496 877 639 941 cacionis
653 897 768 942 census
782 887 815 941 et
830 879 897 941 vite
912 878 1055 961 proibito
1067 880 1291 943 contravenire
1300 878 1395 969 huius
1411 878 1456 942 rei
1470 879 1637 942 mandato.
1684 877 1845 942 Educitur

321 960 386 1009 from
1167 1000 1174 1014 .
1681 999 1688 1012 .
1945 1006 1948 1011 .

320 1025 478 1076 Kenilworth
497 999 538 1062 de
554 1007 651 1062 nocte
666 1019 686 1062 a
702 997 938 1064 Kenelwortha
958 999 1142 1064 Edwardus
1166 1010 1250 1063 mter
1268 1019 1426 1075 immicos,
1447 1018 1577 1090 securus
1597 1000 1639 1063 de
1657 1008 1726 1062 vita
1747 998 1845 1082 plena
1961 1068 1968 1087 Ι

320 1092 469 1207 ζζὲΐζέζω
496 1117 629 1195 doloris,
658 1119 766 1203 primo
795 1120 837 1183 ad
868 1130 1013 1183 castrum
1043 1119 1354 1229 deQdeinde
1384 1119 1595 1196 Bristolliam,
1622 1119 1763 1183 reclusus
1785 1139 1845 1202 per
1943 1050 1986 1173 Vl

319 1287 369 1336 and
497 1249 627 1322 tempus
656 1238 782 1322 aliquot
805 1240 838 1303 in
867 1251 984 1319 castro,
1000 1261 1169 1323 quousque
1199 1240 1279 1304 illud
1303 1239 1386 1304 soret
1409 1240 1605 1322 quibusdam
1628 1239 1844 1323 burgensibus

321 1230 348 1271 to
362 1223 452 1272 Bristol

321 1352 447 1417 Berkeley.
496 1361 538 1424 de
552 1360 630 1425 villa
645 1371 770 1439 notum,
785 1361 842 1443 qui
853 1362 895 1425 ad
912 1361 1013 1445 ipsius
1029 1361 1258 1427 liberacionem
1274 1371 1307 1425 ct
1322 1360 1559 1426 abduccionem
1572 1361 1605 1423 in
1617 1370 1843 1444 partestrans-

495 1481 638 1545 marinas
661 1501 761 1563 quam
788 1482 928 1565 optabat
950 1503 986 1547 se
1012 1484 1251 1566 disponebant;
1276 1501 1415 1564 quorum
1438 1480 1613 1545 concilium
1637 1491 1674 1544 ut
1698 1481 1843 1564 primum

494 1601 636 1666 innotuit
652 1602 842 1666 custodibus
859 1602 1023 1680 Edwardi,
1038 1603 1099 1667 sub
1122 1600 1251 1667 noctis¹
1268 1601 1437 1666 cuiusdam
1460 1621 1566 1684 opaco
1584 1601 1719 1666 silencio
1736 1601 1843 1685 ipsum

435 1749 440 1761 ·
493 1724 535 1787 de
553 1722 625 1788 loco
642 1722 698 1786 illo
720 1722 925 1787 Berkeleiam
946 1722 1459 1816 abduxerunt.)(1nhumanitate
1481 1722 1600 1786 maiori
1616 1742 1716 1804 quam
1742 1721 1844 1785 serina

494 1843 696 1908 Edwardum
712 1843 762 1905 sui
778 1851 918 1908 tortores
934 1854 1124 1921 tractavere,
1139 1843 1191 1909 cui
1211 1844 1358 1926 equitare
1380 1863 1446 1907 non
1462 1841 1582 1907 licebat
1603 1842 1662 1906 nisi
1680 1843 1722 1906 de
1737 1811 1843 1917 riocte,

426 2014 442 2062 y
493 1984 552 2028 nce
568 1962 735 2047 aliquem²
756 1964 875 2043 videre,
891 1975 940 2029 set
959 1986 1018 2030 nec
1045 1967 1087 2030 ab
1111 1964 1177 2029 ullo
1199 1964 1300 2028 videri
1323 1964 1385 2028 sibi
1408 1962 1582 2028 amicabili.
1628 1963 1842 2046 Equitantem

495 2084 721 2168 compulerunt
732 2084 866 2191 &ili-[0¹
884 2085 1034 2149 indutum
1056 2086 1163 2169 capud
1179 2085 1301 2149 habere
1313 2086 1565 2169 discoopertum,
1580 2084 1745 2149 volentem
1766 2085 1842 2148 dor·

495 2205 575 2269 mire
595 2226 661 2269 non
682 2205 866 2289 permisere,
891 2227 958 2270 non
981 2206 1094 2288 quales
1116 2206 1249 2272 volebat
1276 2215 1326 2270 set
1344 2205 1447 2288 quos³
1472 2206 1646 2271 nausiabat
1669 2205 1758 2270 cibos
1780 2204 1842 2287 ipsi

493 2347 716 2411 preparavere,
736 2328 838 2392 verbo
857 2349 917 2391 suo
944 2328 1076 2391 cuilibet
1102 2327 1341 2404 contradixere,
1363 2348 1521 2392 vesanum
1544 2348 1579 2391 se
1598 2347 1669 2395 esse
1695 2326 1842 2409 calump-
1904 2380 1957 2389 ,,.
1970 2378 1998 2385 .-

492 2447 633 2524 niavere,
657 2457 700 2524 et,
725 2457 762 2511 ut
790 2448 929 2575 previter
953 2447 1157 2547 concludam,
1184 2449 1216 2512 in
1241 2448 1394 2513 omnibus
1421 2469 1479 2512 sue
1504 2447 1665 2513 voluntati
1691 2469 1727 2512 se
1754 2449 1842 2531 ipsos

492 2569 673 2634 contrarios
693 2589 749 2632 exr
774 2552 859 2646 uere,
875 2580 912 2633 ut
948 2571 1054 2653 rigore
1075 2552 1107 2557 Μ’
1152 2568 1271 2652 vigiliis
1290 2569 1342 2633 vel
1358 2569 1439 2634 cibis
1458 2569 1682 2652 intemperatis
1701 2579 1758 2633 aut
1779 2568 1842 2633 las-

492 2691 601 2755 tiditis
619 2689 671 2761 vel
693 2690 803 2755 saltim
827 2711 885 2774 pre
909 2688 1126 2757 melancolia⁴
1153 2656 1236 2755 alica
1267 2691 1432 2757 communi
1460 2689 1648 2754 infirmitate
1673 2701 1843 2774 correptus

492 2810 686 2893 exspiraret.
732 2811 790 2875 Set
809 2832 829 2875 e
848 2822 962 2876 contra
983 2813 1033 2876 vir
1056 2812 1089 2874 in
1111 2811 1316 2876 naturalibus
1331 2812 1457 2895 optime
1472 2812 1660 2895 dispositus,
1683 2811 1776 2876 fortis
1798 2811 1841 2875 ad

493 2930 630 3005 labores,
654 2931 752 2994 etad
776 2930 942 2995 universos
965 2932 1085 3035 gracia
1098 2931 1163 2995 Dei
1186 2932 1318 3015 paciens
1344 2931 1527 3015 languores,
1551 2952 1666 2996 omnes
1679 2932 1842 2996 versucias
1902 2916 1913 2961 '¹'

493 3051 745 3134 malignancium
756 3061 873 3116 natura
881 3052 932 3115 vel
947 3053 1057 3136 gracia
1069 3053 1244 3140 superavit.
1288 3052 1459 3116 Venenum
1475 3053 1696 3136 quampluries
1708 3053 1842 3137 propin·

493 3182 628 3235 averunt
646 3191 739 3235 servo
756 3171 820 3235 Dei
836 3172 976 3236 ministri
992 3172 1105 3249 Belial,
1121 3174 1209 3254 quod
1226 3182 1283 3237 aut
1298 3173 1489 3238 fortitudine
1504 3173 1645 3238 naturali
1663 3175 1840 3248 evacuavit,

491 3292 584 3356 sicud
607 3290 713 3356 solent
733 3291 793 3356 viri
810 3302 992 3387 temperate
1014 3292 1262 3377 complexionis,
1284 3295 1464 3358 secundum
1488 3292 1662 3358 Galienum
1685 3295 1718 3358 in
1728 3296 1842 3385 ..tercio

508 3374 829 3427 τ··’τ·τ·”·”““;”τ”·
923 3374 1249 3409 Ἄρ...
1415 3414 1422 3430 ·
1479 3372 1655 3430 ..
1686 3416 1693 3430 .

492 3411 653 3511 ⁸‚¹¹¹¹P¹¹⁶¹s
676 3414 845 3490 medlcmer
874 3422 941 3492 aut,
963 3414 1547 3509 quQdomanAesuon
1569 3425 1716 3481 martrrro
1746 3438 1841 3480 suum

308 3546 320 3559 ,
793 3532 843 3548 ..
1091 3535 1098 3549 .
1444 3484 1870 3550 mmm*

323 3439 382 3687 l·
421 3598 458 3690 Χ
492 3533 739 3718 consessor
727 3502 1336 3664 tluuesermunffl
1376 3554 1430 3609 ³·

614 3664 678 3718 ttes
695 3663 751 3719 ata
780 3624 1101 3751 scribimunenffi'·
1109 3658 1292 3734 reverende,
1318 3677 1383 3741 que
1406 3655 1479 3721 luce
1502 3656 1639 3722 clariore
1656 3655 1858 4100 intonarent,
1863 3705 2088 4107 ἡκ)

421 3712 442 3999 Ι
493 3775 626 3853 mundo,
649 3774 676 3837 si
703 3794 769 3838 non
792 3775 893 3839 timor
918 3775 1101 3840 emulorum
1130 3777 1215 3861 regis
1245 3777 1448 3842 devotissimi
1478 3777 1590 3871 adhug
1607 3778 1841 3877 superstitum⁵

491 3895 665 3999 va
689 3896 811 3960 clarere
838 3852 1512 3983 proilmlbffibteiit‘''semper
1541 3870 1706 3963 oc‘cultari.
1751 3899 1840 3963 Tum

491 4015 690 4082 abducitur⁰
717 4016 909 4096 Edwardus,
927 4027 964 4082 ut
989 4019 1205 4103 prescriptum
1235 4028 1294 4097 est,
1316 4040 1428 4084 versus
1451 4019 1677 4101 Berkeleyam,
1689 4021 1842 4135 ffli-

610 4187 728 4245 ¹nocte
748 4191 780 4245 B.
887 4189 1045 4264 'aliquam
1065 4195 1097 4248 B.
1207 4190 1314 4265 ⁸quas.
1335 4195 1367 4247 Β.
1475 4190 1674 4248 ⁴malencolia
1694 4194 1727 4247 Β.

846 4277 1085 4350 ³supertistitum.
1104 4283 1137 4336 Β.
1310 4277 1321 4311 ⁰
1339 4280 1461 4336 abducit.
1481 4282 1513 4334 Β.
