4282 4890
633 306 690 360 LE
711 306 857 360 BAKER
879 305 940 360 DE
959 306 984 360 S
992 306 1031 358 W
1035 305 1271 401 VNEBRpKE.
1587 318 1626 384 91

278 505 416 572 Francia
438 516 643 584 ornaverunt,
665 517 697 570 et
724 505 824 589 paulo
851 516 928 589 post
954 502 1181 597 crepusculum
1209 504 1378 569 flammam
1406 503 1490 588 ignis
1518 482 1630 571 claris·
1649 524 1806 575 mulam.

224 710 226 717 Ι
276 628 394 693 simam
424 647 499 692 cum
533 628 656 711 ingenti
686 648 810 711 pompa
842 626 1059 692 clamancium
1089 637 1188 710 atque
1217 627 1380 703 tubarum,
1407 628 1628 714 timpanorurn
1678 614 1773 637 ’“”“
1793 644 1823 675 2·
1853 668 1878 675 --
1922 630 1926 637 '

1208 700 1263 725 sn.
1425 710 1464 723 n.

63 766 67 775 ·
118 766 127 791 r
167 761 186 803 κ’
214 742 239 797 ’ἱ’
276 770 409 833 quoque
435 759 468 813 et
492 748 655 826 lituorum,
676 769 789 812 versus
815 749 997 813 exercitum
1022 747 1226 813 Gallicorum
1248 749 1291 813 de
1316 748 1525 814 eminenciori
1548 748 1629 814 turri

444 828 658 853 -α--ιι-

157 896 163 919 1
277 870 465 934 levaverunt
487 891 546 953 per
564 870 708 934 medium
727 870 822 934 unius
839 869 920 934 hore
935 846 1119 934 durantem.
1166 868 1319 934 Secunda
1341 880 1438 935 nocte
1460 870 1629 934 flammam
1687 854 1753 925 2²⁴⁷
1768 858 1788 889 ''
1819 874 1844 953 '‚
1918 876 1954 961 ’ῤ’

277 990 500 1070 consimiliter,
530 1000 581 1055 set
609 991 707 1074 priori
738 989 837 1075 paulo
866 991 1056 1074 parciorem,
1086 1011 1162 1057 cum
1192 990 1336 1055 tumultu
1367 992 1524 1058 mediocri
1553 1013 1630 1076 por·
1674 982 1789 1116 s(
1809 982 1845 1083 ‘2¹‘
1864 1032 1903 1087 Γ.
1930 1080 1934 1093 Ι
1975 1070 2024 1097 ω

278 1122 442 1175 rexerunt.
486 1112 603 1177 Tercia
625 1132 702 1177 vero
725 1122 821 1177 nocte
844 1111 1012 1176 flammam
1035 1112 1132 1176 valde
1154 1122 1285 1176 tenuem
1312 1123 1346 1175 et
1371 1113 1429 1176 vix
1451 1134 1472 1178 a
1495 1111 1631 1179 Gallicis
1811 1088 1863 1131 '‘⁴''
1877 1090 1902 1159 ’ἶ
1915 1092 1942 1177 35
1963 1122 2039 1217 fi:

278 1232 536 1316 perceptibilem,
556 1253 631 1298 cum
653 1254 733 1298 voce
756 1232 885 1315 lugubri
908 1243 941 1297 et
965 1232 1131 1296 humiliter
1157 1232 1320 1296 submissa
1342 1234 1436 1315 quasi
1457 1254 1515 1316 per
1531 1253 1629 1296 unam
1949 1208 1956 1221 ⁸
2003 1200 2028 1220 ἡ

278 1352 395 1417 horam
421 1365 615 1436 porrectam,
639 1355 671 1417 in
696 1353 817 1419 fossam
841 1355 939 1419 castri
966 1354 1082 1419 cadere
1107 1352 1342 1436 permiserunt:
1373 1374 1431 1436 per
1448 1353 1509 1419 hec
1531 1353 1631 1437 signi·

279 1473 414 1540 ficantes
446 1495 540 1538 suam
576 1474 763 1558 potenciam
793 1476 836 1540 ad
870 1475 1153 1541 conservacionem
1182 1473 1259 1537 ville
1291 1473 1389 1537 fuisse
1419 1473 1566 1551 finitam3
1597 1485 1630 1538 et

278 1597 395 1660 eadem
425 1607 521 1661 nocte
550 1598 662 1660 omnia
693 1596 817 1660 vexilla
846 1606 955 1703 preter
987 1595 1230 1719 “Q
1261 1595 1498 1680 recolligerunt,
1528 1594 1631 1660 nihilo
1684 1600 1754 1659 er
1771 1584 1824 1682 “us
1833 1604 1866 1655 v·-

280 1717 469 1800 pompatice
491 1717 533 1780 de
555 1726 664 1782 cetero
688 1727 850 1801 pretenso

367 1837 517 1902 Tandem
538 1839 747 1922 appropiavit
768 1839 838 1904 dies
857 1839 1002 1916 bellicus,
1021 1857 1119 1920 quem
1140 1839 1183 1902 de
1203 1836 1329 1920 Anglia
1347 1847 1380 1902 et
1401 1838 1490 1920 ligua
1508 1837 1632 1901 Teuto-
1653 1842 1752 1956 {egeat
1764 1840 1806 1955 <aa

280 1958 352 2023 nica
379 1959 411 2023 in
437 1960 619 2024 subsidium
643 1961 728 2044 regis
751 1979 998 2044 congressurum
1026 1961 1138 2025 decem
1166 1969 1199 2024 et
1224 1970 1350 2043 septem
1374 1959 1465 2024 milia
1486 1959 1630 2023 virorum
1652 1919 1782 2047 ¹213:

280 2092 504 2163 prevenerunt.
551 2080 659 2158 Unde,
681 2082 823 2146 secunda
847 2082 900 2146 die
927 2081 1047 2144 mensis
1073 2079 1229 2162 Augusti,
1251 2081 1397 2145 tirannus
1421 2079 1632 2157 Francorum,

279 2201 393 2266 videns
416 2203 600 2286 potenciam
625 2203 709 2286 regis
731 2212 872 2279 auctam,
895 2201 927 2266 in
950 2223 1068 2266 aurora
1091 2202 1155 2266 diei
1178 2222 1237 2267 sua
1258 2203 1400 2267 tentoria
1423 2202 1552 2286 ignibus
1574 2201 1631 2265 de·

280 2343 425 2406 pascens,
455 2323 549 2407 signo
579 2324 716 2407 proinde
746 2323 875 2387 funesto
905 2323 1047 2388 obsessis
1073 2323 1154 2387 dato
1183 2324 1274 2405 quod
1300 2343 1365 2387 non
1392 2324 1527 2387 auderet
1555 2321 1633 2406 ipsis
1726 2316 1730 2325 ’

281 2464 473 2520 succurrere,
496 2445 679 2509 vecorditer
702 2443 849 2527 absugit;
882 2444 974 2509 cuius
1001 2443 1183 2527 posteriora
1210 2443 1387 2508 mactando
1412 2452 1446 2506 et
1472 2443 1633 2527 capiendo
1855 2475 1898 2588 cp
1913 2457 1967 2596 s)
1977 2450 2027 2539 lg,

280 2564 558 2663 dqngbancffitrie
573 2574 607 2627 et
621 2584 733 2629 comes
751 2563 1017 2648 Norhamptonie
1037 2563 1255 2646 preciderunt.
1298 2562 1404 2647 Turpi
1419 2563 1497 2646 suga
1510 2563 1632 2628 tiranni
1651 2570 1784 2649 Surrender

282 2660 482 2748 Francorum
508 2684 740 2749 Calisiensibus
763 2684 904 2749 obsessis
926 2694 1105 2767 comperta,
1128 2684 1197 2747 eius
1218 2683 1463 2749 stacionardum
1486 2705 1560 2749 cum
1585 2684 1632 2748 in·
1651 2637 1781 2779 oleatae.
1862 2618 1908 2774 i*
1966 2561 2039 2837 Εό

280 2806 370 2889 genti
395 2804 484 2870 luctu
507 2806 549 2869 de
566 2806 646 2869 turri
671 2805 703 2869 in
725 2805 854 2870 foveam
881 2806 1095 2889 proiecerunt,
1113 2814 1146 2869 et
1171 2804 1313 2870 sabbato
1333 2806 1481 2889 sequenti
1502 2806 1631 2870 illorum

281 2927 480 3023 capitaneus,
504 2926 536 2990 in
559 2925 676 2992 bellica
699 2927 826 3010 praxici
851 2927 943 2991 miles
967 2926 1107 2991 multum
1131 2926 1286 3004 eruditus,
1308 2938 1444 2993 vocatus
1470 2927 1633 2992 Iohannes

280 3050 323 3114 de
337 3007 595 3168 Viennaiianuis
610 3049 742 3132 apertis,
758 3048 919 3113 insidebat
935 3069 1038 3132 parvo
1058 3048 1202 3125 mncino‚
1219 3049 1326 3132 impos
1346 3068 1404 3133 pre
1421 3059 1517 3135 gutta
1532 3051 1634 3132 pedes

281 3170 438 3247 incedere,
460 3169 582 3236 collum
605 3170 705 3236 corda
727 3172 930 3248 constrictus,
950 3170 1039 3234 venit
1061 3190 1172 3236 coram
1195 3190 1291 3253 rege,
1312 3190 1411 3253 quem
1434 3170 1490 3235 alii
1514 3171 1634 3235 milites
1671 3256 1680 3271 Ι
1725 3121 1794 3279 i(

280 3302 314 3356 et
344 3293 520 3376 burgenses
538 3264 675 3376 pedites
704 3293 784 3355 nudi
810 3292 921 3379 capita
949 3299 983 3356 et
1008 3291 1197 3385 discalciati,
1223 3290 1316 3382 funes
1341 3293 1385 3357 ad
1415 3312 1454 3358 co
1480 3314 1500 3356 a
1528 3312 1633 3357 ecram
1657 3248 1734 3309 Μ

1 3384 128 3527 ’Ἶρι
171 3398 183 3447 ²
281 3412 449 3491 habentes,
478 3414 742 3500 sequebantur.)t
754 3410 955 3551 cws
984 3413 1096 3497 itaque
1124 3372 1343 3497 optuliffigi
1373 3423 1503 3501 spatam
1536 3434 1633 3497 guer-

251 3572 254 3579 -
281 3534 410 3612 rariam,
436 3545 608 3618 tamquam
632 3535 715 3600 inter
741 3555 856 3600 omnes
880 3534 1085 3600 Christianos
1108 3534 1285 3618 preliomm
1312 3534 1450 3619 principi
1478 3536 1634 3619 precipuo

281 3666 315 3721 et
336 3656 394 3740 qui
416 3666 530 3721 contra
557 3656 741 3720 maximum
767 3677 877 3740 regem
901 3653 1161 3721 Christianorum
1187 3655 1278 3719 illam
1301 3655 1414 3719 villam
1440 3675 1516 3721 curn
1542 3655 1634 3719 omni
1849 3645 1855 3659 '

180 3773 193 3791 ‘
281 3777 435 3844 decencia
453 3777 586 3842 militari
601 3778 797 3862 conquisivit
812 3787 973 3862 potenter.
1018 3776 1171 3843 Secundo
1191 3777 1254 3841 sibi
1287 3775 1409 3841 radidit
1407 3776 1633 3883 Q
1667 3756 1700 3911 ἶ
1728 3747 1809 3847 Μ’.
1834 3733 1896 3869 ,f
1920 3700 2039 3889 diff

281 3897 409 3974 Tercio,
423 3896 594 3981 appellans
613 3898 737 3982 regiam
753 3899 911 3983 pietatem
931 3909 1032 3982 atque
1051 3918 1190 3982 poscens
1210 3897 1476 3976 misericordiam,
1497 3897 1634 3982 protulit
1694 3867 1775 3973 --rvu
1796 3864 1912 3953 5:2-
1952 3956 1995 3993 ,s
2020 3936 2039 3973 2,

282 4017 352 4103 regi
379 4016 528 4115 gladium
556 4019 657 4105 pacis,
686 4039 754 4102 quo
783 4020 964 4107 sentencias
993 4028 1098 4086 rectas
1127 4019 1281 4085 adiudica
1317 4027 1331 4119 t
1358 4040 1379 4085 a
1511 4029 1635 4086 arceret
1718 3994 1766 4077 ll*
1784 3994 1802 4079 -Ᾰ
1944 3988 1952 4017 ³
1996 4022 2039 4122 Le,

282 4137 880 4327 ψ.
893 4167 919 4263 n
932 4139 1081 4208 Oblata.
1136 4150 1261 4226 eptans,
1288 4116 1398 4226 ipsum
1424 4160 1497 4225 capr

281 4271 315 4327 et
341 4278 398 4325 xv.
658 4280 777 4344 emque
805 4261 984 4346 burgenses
1012 4261 1117 4355 piet-as
1153 4261 1272 4347 regalis
1295 4262 1383 4327 misit
1409 4261 1442 4325 in
1464 4259 1634 4346 Angliam,

1636 4652 1662 4685 ’,ἲ
1686 4667 1694 4681 ι

1528 4643 1605 4793 Ἰ*
1654 4710 1758 4745 ¹..x·,„
