4282 4890
476 260 518 345 38
913 266 1159 323 crrnorvrcorv
1186 244 1391 321 GALanJ

231 454 233 459 ³
302 486 456 541 aomar.
476 467 661 552 adopcione
677 466 762 532 iusta
778 476 970 550 magnatum
986 467 1133 544 Francie,
1148 466 1199 531 vel
1220 487 1279 550 spe
1299 466 1458 550 regnandi
1473 466 1642 532 frustraret
1658 466 1710 531 vel
1726 488 1828 551 regno

476 590 560 654 iuste
590 589 743 673 privaret.
789 589 886 653 Hanc
918 587 1118 671 opinionem,
1149 598 1185 653 ut
1219 587 1302 652 infra
1331 608 1390 681 per
1421 587 1485 653 Dei
1515 588 1660 684 ggaciam
1690 589 1829 693 patebit,

425 765 428 769 ,
476 710 686 793 excogitatus
708 705 1152 792 effectusconsequebatur1.

304 852 390 905 Death
401 854 430 904 oi

303 921 398 971 Robert

302 986 382 1036 Bruce

304 1050 408 1116 (⁹Julr

305 1116 398 1211 ¹.³-.²⁹)·

302 1231 412 1283 Descent

303 1296 334 1347 os
341 1297 384 1348 the

303 1362 412 1413 Scottish

301 1444 392 1479 crowu.

565 832 641 897 Hoc
663 851 794 927 quoque
815 851 903 895 anno
925 829 1145 895 nroriebatur²
1162 830 1330 896 Robertus
1349 829 1381 894 le
1403 829 1520 912 Bruys,
1539 829 1654 896 relicto
1677 830 1746 896 filio
1768 852 1829 896 suo

477 952 588 1018 David
591 950 755 1036 ,septem³
765 951 818 1015 vel
830 960 906 1016 octo
921 972 1025 1016 annos
1036 950 1179 1016 habente
1181 948 1319 1032 ‚quem⁴
1335 949 1428 1017 Scoti
1444 961 1633 1035 receperunt
1649 951 1681 1014 in
1697 951 1829 1037 regem⁶

476 1073 576 1138 tali
567 1094 654 1138 rure:
691 1072 886 1138 Alexander
922 1070 1097 1138 Scotorum
1131 1093 1190 1136 rex
1212 1070 1329 1137 habuit
1357 1082 1425 1136 tres
1454 1070 1538 1136 filias
1569 1070 1640 1137 sine
1673 1071 1829 1151 masculo,

478 1215 617 1277 quarum
650 1194 792 1278 primam
823 1193 990 1259 maritavit
1016 1193 1155 1258 Iohanni
1182 1195 1224 1258 de
1251 1191 1392 1275 Bayliol,
1417 1191 1555 1257 alteram
1583 1188 1755 1279 [Iohanni]
1786 1195 1829 1258 de

479 1314 620 1398 Comyn,
643 1325 676 1379 et
700 1315 836 1380 terciam
860 1315 1011 1380 Roberto
1034 1313 1065 1378 le
1088 1314 1218 1396 Bruyus
1239 1315 1399 1397 predicto,
1420 1314 1587 1415 999999ω
1580 1313 1726 1413 Anglico
1749 1323 1829 1379 nato

478 1435 512 1500 in
539 1435 708 1501 Essexia⁶.
754 1436 833 1501 Post
860 1435 1007 1501 obitum⁷
1033 1435 1120 1520 regis
1142 1434 1339 1512 Alexandri,
1361 1436 1404 1499 de
1432 1433 1640 1517 beneplacito
1671 1436 1829 1501 Edwardi

477 1557 563 1640 regis
582 1555 717 1640 Anglie,
739 1554 831 1621 Scoti
854 1566 1027 1620 erexerunt
1047 1556 1112 1620 sibi
1133 1556 1166 1619 in
1187 1573 1297 1637 regem
1321 1555 1476 1619 maritum
1498 1555 1635 1620 senioris
1656 1555 1723 1620 filie
1743 1557 1830 1641 regis

371 1722 374 1727 -
476 1675 693 1753 Alexandri⁸,
715 1675 839 1742 scilicet
870 1677 1054 1742 Iohannem
1084 1679 1126 1742 de
1157 1675 1286 1753 Balliol,
1308 1671 1365 1761 qui
1390 1696 1451 1759 pro
1481 1696 1582 1759 regno
1614 1675 1731 1743 Scocie
1759 1677 1828 1761 regi

142 1951 369 2237 s.

477 1796 619 1882 Anglie⁹
634 1797 710 1862 lecit
726 1798 920 1882 homagium
939 1810 972 1862 et
988 1799 1107 1863 iuravit
1125 1797 1330 1863 fidelitatem.
1375 1796 1502 1872 Postea,
1518 1798 1562 1864 ad
1578 1797 1830 1881 instigacionem

477 1918 743 2001 perturbatorum
771 1920 862 2002 pacis
888 1919 979 2002 regni
1007 1917 1131 1997 Scocie,
1154 1939 1213 2002 per
1242 1939 1320 1983 suas
1349 1917 1461 1983 literas
1494 1919 1601 2001 regias
1630 1928 1663 1983 et
1693 1920 1829 1985 nuncios

477 2037 663 2122 solempnes
683 2039 808 2104 remisit
828 2039 1016 2124 Anglorum
1033 2061 1100 2124 regr
1091 2039 1312 2105 fidelitatem
1327 2049 1361 2104 et
1375 2039 1578 2124 homagium,
1597 2041 1654 2121 qui
1672 2040 1778 2105 fuerat
1798 2042 1828 2104 ei
1891 2118 1902 2145 ἶ
1953 2070 2008 2139 ...¹2
2065 2048 2069 2055 '

477 2160 652 2244 obligatus,
670 2159 722 2225 vel
745 2160 835 2225 aliud
858 2172 916 2226 aut
935 2161 1037 2265 aliam
1055 2161 1293 2227 subieccionem
1311 2161 1516 2257 promittens,
1532 2182 1631 2243 quam
1647 2162 1690 2226 ab
1711 2164 1829 2228 codem

363 2284 375 2303 ⁸
478 2280 646 2347 Edwardo
662 2262 738 2365 rege
733 2258 904 2347 volebat
899 2283 1041 2367 exigere.
1087 2282 1312 2347 Nihilominus
1330 2292 1442 2347 tamen
1462 2292 1597 2366 propter
1611 2282 1672 2347 hec
1692 2304 1829 2366 regnum

478 2401 653 2469 Scotorum
684 2403 835 2479 detinuit,
866 2412 918 2469 set
950 2425 1017 2469 non
1054 2405 1121 2482 diu,
1151 2424 1294 2486 namque
1328 2424 1389 2468 rex
1423 2402 1548 2488 Anglie
1584 2405 1750 2486 predictus
1787 2407 1830 2470 de

476 2523 648 2589 Wintonia
685 2525 792 2607 ipsum
822 2547 934 2610 regern
971 2527 1152 2591 Iohannem
1183 2546 1294 2610 regern
1325 2523 1502 2591 Scotorum
1532 2534 1565 2590 et
1598 2546 1694 2590 suurn
1724 2525 1829 2590 filium

512 2710 523 2744 θ
541 2712 660 2767 Imtead
663 2713 699 2784 os
703 2711 762 2767 this
765 2713 947 2786 paragraph,
957 2713 1001 2770 Βθ.
1011 2714 1074 2769 and
1080 2715 1113 2770 C.
1122 2712 1196 2769 have
1205 2712 1251 2768 the
1253 2713 1414 2785 following
1424 2713 1476 2768 :-‘
1486 2712 1543 2768 Hic
1553 2715 1673 2769 Karolus
1680 2722 1740 2769 erat
1750 2723 1830 2784 pater

478 2799 600 2872 Philippi
619 2801 655 2855 de
668 2801 782 2871 Valoys,
794 2813 895 2871 postea
908 2801 982 2872 regis
1000 2802 1128 2870 Francie,
1141 2811 1184 2857 set
1202 2801 1311 2868 iniuste,
1324 2811 1352 2856 et
1370 2817 1522 2871 germanus
1542 2800 1664 2872 Philippi
1682 2802 1708 2856 le
1727 2803 1829 2868 Beaus,

478 2887 523 2942 avi
537 2886 611 2957 regis
624 2887 756 2942 Edwardi
769 2887 847 2943 tercii
860 2888 969 2958 Anglie.
1006 2890 1128 2945 Karolus
1140 2889 1193 2945 iste
1207 2888 1339 2958 cogitavit
1351 2889 1436 2960 quod,
1450 2888 1473 2943 si
1487 2897 1726 2959 posset-nepotem
1739 2905 1830 2955 suurn,

479 2974 616 3029 Karolum
634 2992 729 3044 regern
748 2975 875 3044 Francie,
894 2993 951 3029 non
977 2976 1129 3031 habentem
1147 2976 1281 3032 heredem
1300 2975 1336 3031 de
1355 2974 1467 3047 proprio
1485 2992 1610 3045 corpore,
1632 2975 1690 3029 vita
1711 2974 1829 3045 privare,

476 3070 544 3117 tunc
562 3061 623 3132 ipse
641 3072 689 3117 aut
707 3060 798 3132 [alius.
816 3060 862 3133 C.]
875 3079 942 3117 suus
959 3062 1041 3133 filius,
1055 3061 1203 3134 Philippus
1220 3065 1256 3119 de
1268 3063 1383 3132 Valoys,
1396 3080 1482 3132 regno
1495 3062 1647 3130 potiretur;
1667 3071 1695 3117 et
1696 3071 1830 3133 ,propter

477 3150 541 3216 hoc,
554 3149 710 3219 predictum
722 3149 831 3205 facinus
843 3149 1028 3219 excogitavit·
1276 3149 1356 3206 'furt
1367 3159 1504 3205 mortuus
1525 3148 1616 3205 13²..c

513 3235 656 3308 quod
631 3254 680 3292 νιι
701 3238 735 3292 B.
911 3235 1060 3294 θααι..·Β
1052 3254 1174 3309 ,quarn
1196 3237 1239 3294 Βθ.
1418 3235 1498 3309 ‘pro
1510 3255 1585 3308 rege
1604 3234 1693 3293 B².C.

513 3340 725 3397 θαῖιενααι..
738 3339 893 3413 Essem]
904 3343 1021 3399 alteram
1040 3343 1165 3399 Roberto
1177 3344 1203 3399 le
1220 3344 1338 3413 Bruyus,
1350 3341 1469 3413 Anglice
1482 3352 1550 3398 nato
1563 3340 1592 3397 in
1612 3341 1740 3411 Essexia,
1752 3341 1872 3414 apud.

602 3428 707 3500 [added
719 3430 753 3501 by
770 3430 889 3485 another
904 3429 1006 3502 Ιιααα],
1024 3441 1052 3487 et
1070 3430 1186 3488 terciam
1204 3430 1300 3487 comiti
1320 3429 1534 3487 Holandie.13².
1576 3430 1769 3486 Thesanaem
1788 3431 1830 3499 C.‚

476 3534 507 3573 w
537 3534 579 3586 c,
591 3517 731 3587 however,
743 3516 885 3574 omitstlu
896 3536 980 3574 nanu
992 3518 1337 3591 osBmce’sbirtlt-place.

512 3603 524 3636 θ
541 3622 695 3662 excessum.
715 3605 758 3661 Βθ.
773 3608 805 3663 C.
1171 3605 1182 3639 θ
1200 3625 1259 3680 reg.
1271 3605 1369 3678 Alex]
1383 3624 1437 3663 om.
1456 3606 1547 3664 B².C.

509 3697 519 3727 θ
536 3693 581 3751 Βθ.
593 3694 656 3749 and
665 3696 697 3750 C.
710 3696 841 3750 continue
858 3694 926 3750 thus
938 3695 991 3750 :-‘
1000 3695 1141 3753 Edwardo
1153 3695 1220 3752 fecit
1232 3695 1405 3767 homagium,
1417 3696 1493 3768 quod
1509 3705 1610 3767 postea
1620 3712 1670 3767 per
1689 3695 1830 3752 solemnes

477 3798 543 3838 suos
561 3782 688 3850 nuncios,
701 3784 739 3838 ad
751 3781 964 3853 instigacionem
977 3784 1201 3855 perturbatorum
1215 3783 1292 3856 pacis
1311 3782 1389 3854 regui
1405 3782 1512 3853 Scocie,
1525 3783 1583 3854 regi
1596 3783 1697 3854 Anglie
1714 3782 1830 3853 remisit,

475 3887 534 3926 non
546 3870 639 3926 minus
647 3888 764 3941 regnum
773 3872 872 3928 Scocie
885 3871 1046 3928 detinendo.
1083 3871 1170 3930 Unde
1177 3890 1226 3928 rex
1234 3872 1344 3942 Anglie,
1353 3872 1510 3928 Edwardus
1520 3871 1555 3927 de
1565 3871 1717 3942 Wyntonia
1727 3870 1775 3942 [de
1784 3872 1830 3927 W.

476 3975 531 4012 om.
545 3957 600 4029 C.],
614 3959 706 4030 ipsum
718 3969 747 4014 et
759 3959 847 4014 filium
858 3977 940 4016 suurn
953 3959 1060 4031 fugavit
1072 3971 1201 4032 potenter
1212 3960 1249 4017 de
1262 3959 1363 4017 Scocia
1376 3979 1383 4026 ς
1402 3960 1448 4031 qul
1463 3960 1492 4016 in
1505 3959 1655 4014 Franciam
1666 3957 1830 4030 peregrinus

477 4046 656 4104 moriebatur.
694 4049 796 4103 Postea
817 4049 894 4105 Scoti
915 4049 1079 4105 naturaliter
1095 4049 1211 4105 rebelles
1233 4057 1381 4104 tenuerunt
1401 4065 1452 4119 pro
1473 4065 1539 4117 rege
1558 4046 1689 4103 maritum
1707 4046 1831 4102 secunde

477 4134 534 4190 filie
547 4136 620 4206 regis
628 4135 789 4205 Alexandri,
801 4134 908 4194 scilicet
920 4138 1076 4193 Robertum
1088 4138 1114 4193 le
1124 4138 1243 4208 Bruyus,
1252 4135 1343 4192 virum
1351 4153 1403 4207 per
1412 4134 1508 4191 omnia
1515 4134 1671 4202 militarem,
1681 4133 1735 4189 nisi
1744 4134 1831 4206 quod,

478 4223 607 4294 neglecta
620 4224 683 4291 fide,
696 4234 794 4282 contre
807 4242 886 4281 suum
900 4225 1046 4281 dominum
1055 4225 1211 4283 naturalem
1224 4242 1320 4282 amore
1332 4224 1412 4295 regni
1424 4222 1561 4281 militavit.
1587 4223 1693 4294 Igitur,’
1705 4233 1759 4278 etc.

1844 3284 1992 3647 l'
1977 3296 2088 3533 tl
