4282 4890
511 38 748 253 dds-sti*
785 120 813 152 r.)
831 118 844 137 ·'

629 296 685 352 LE
706 295 852 352 BAKER
873 297 934 353 DE
955 297 1266 357 SWVNEBROKE.
1583 304 1624 375 95

294 495 298 501 ”
359 495 473 574 ‘Item,
495 515 610 561 omnes
631 495 828 575 obsidiones,
851 519 909 582 per
931 499 1119 583 potenciam
1149 499 1384 582 cuiuscumque
1413 498 1622 563 subditorum
1645 517 1799 568 annam.

272 601 412 665 duorum
437 621 551 684 regum
580 600 612 664 in
632 601 797 667 Vasconia
819 622 876 666 seu
896 600 1035 686 Gyenna
1053 603 1105 667 vel
1126 602 1296 669 Britannia
1316 624 1374 668 seu
1398 603 1545 668 Pictavia
1565 614 1624 668 aut
1671 608 1770 620 ““’“
1845 646 1859 661 r

272 705 304 768 in
328 704 439 769 insulis
462 705 595 769 marinis
616 706 837 811 ww&
861 706 1067 792 ubicumque,
1089 708 1279 773 immediate
1297 719 1374 793 post
1397 707 1624 792 pupplicacio·
1653 702 1807 778 Ces-7)
1845 728 1889 765 cr
1914 696 1941 770 t>
1977 708 1990 753 ··'
2010 708 2043 741 Β

273 829 347 873 nem
365 810 500 873 istarum
516 820 706 894 treugarum
722 820 817 875 erunt
832 811 950 876 solute.

359 913 473 991 ‘Item,
496 914 595 996 quod,
618 913 645 977 si
668 924 811 978 castrum
834 915 885 979 vel
908 915 985 979 villa
1006 915 1059 979 vel
1082 915 1289 994 fortalicium,
1308 915 1456 982 homines
1479 926 1537 981 aut
1560 915 1626 981 alia

271 1036 478 1100 quecumque
500 1016 588 1083 bona
610 1016 747 1083 mobilia
764 1040 821 1082 seu
841 1018 1023 1084 immobilia
1043 1020 1161 1085 luerint
1182 1030 1281 1104 capta
1299 1031 1375 1104 post
1398 1019 1625 1086 confirmacio·
1710 1100 1713 1107 Ι

272 1141 347 1185 nem
381 1121 516 1186 istamm
539 1131 738 1205 treugarum,
760 1124 911 1206 quamvis
941 1144 1006 1189 non
1039 1125 1314 1209 pupplicatarum‚
1345 1126 1409 1188 sint
1446 1136 1558 1190 tamen
1592 1125 1625 1188 in

273 1227 435 1308 integrum
465 1236 588 1291 statum
619 1227 771 1292 restituta
801 1228 832 1291 in
864 1247 931 1311 quo
960 1228 1087 1293 fuerant
1117 1230 1172 1294 die
1198 1227 1461 1294 confirmacionis
1488 1231 1623 1294 istarum

272 1341 515 1448 treugarum.p
1625 1306 1675 1403 ts
1916 1400 1923 1413 ,

153 1450 208 1529 ²⁶,
358 1433 468 1510 ‘Item,
491 1433 618 1499 iusticia
640 1432 699 1499 fiat
721 1434 855 1501 cuilibet
877 1436 1000 1501 volenti
1023 1457 1040 1502 c
1064 1437 1177 1521 nqueri
1201 1438 1243 1502 de
1265 1436 1363 1538 lapsp
1383 1457 1440 1501 seu
1464 1434 1543 1519 suga
1566 1457 1623 1500 seu
1793 1366 1908 1530 μ

3 1536 193 1704 Μῶφι(
272 1536 502 1631 Qa
531 1539 764 1622 cuiuscumque
793 1541 925 1625 captivi,
957 1553 990 1607 et
1021 1459 1073 1607 a}
1094 1540 1158 1609 hoc
1188 1542 1253 1607 sint
1287 1541 1409 1607 iudices
1439 1539 1625 1625 specialiter

272 1642 432 1726 deputati.
1691 1598 2043 1770 &W

150 1772 153 1779 .
208 1758 290 1862 [μοι.
360 1746 474 1824 ‘ltem‚
495 1747 585 1831 quod
609 1747 741 1813 cuilibet
767 1749 889 1814 volenti
906 1749 1190 1916 Q
1215 1770 1308 1814 suam
1339 1747 1464 1815 solvere
1493 1758 1552 1813 aut
1581 1749 1624 1812 ab
1838 1820 1842 1831 Ι
1873 1798 1877 1804 .
1942 1824 1959 1841 „

272 1850 356 1916 alico
386 1851 535 1916 debitum
573 1853 707 1936 exigere
737 1874 793 1917 seu
824 1855 866 1918 de
895 1875 962 1920 aro
996 1874 1180 1939 proponere
1215 1853 1382 1953 qPELdEm
1418 1854 1624 1937 assingnetur
1719 1828 1888 1920 (μμ
1917 1812 1923 1878 ¹

175 2004 184 2055 y
272 1953 382 2026 salvus
401 1957 583 2021 conductus
601 1966 635 2021 et
657 1978 800 2023 securus.

200 2091 284 2171 2'·
359 2059 472 2138 ‘Item‚
483 2062 574 2144 quod
589 2070 703 2144 treuge
717 2063 781 2125 sint
800 2060 993 2128 confirmate
1005 2064 1115 2145 quoad
1134 2061 1253 2128 Scotos
1268 2071 1301 2127 et
1313 2082 1427 2127 eorum
1444 2060 1623 2138 marchias;
1687 2102 1690 2107 -

273 2181 355 2245 quas
377 2174 489 2228 tamen
519 2174 652 2249 treugas
684 2163 776 2230 Scoti
806 2165 833 2229 si
866 2165 1028 2232 voluerint
1057 2161 1132 2229 vel¹
1162 2166 1328 2250 potuerint
1359 2165 1540 2254 infringere,
1565 2185 1623 2228 nec

273 2267 380 2331 minus
395 2278 507 2332 tamen
526 2269 609 2333 inter
624 2290 716 2352 reges
731 2281 763 2333 et
779 2269 861 2335 alios
877 2271 909 2333 in
925 2269 983 2333 eiis
999 2269 1252 2353 comprehensos
1267 2279 1361 2333 erunt
1377 2269 1559 2334 observate.
1796 2296 1800 2303 ·
1852 2352 1855 2361 Ι

263 2424 270 2431 .
360 2370 474 2449 ‘Item,
497 2373 540 2437 ad
563 2373 791 2438 intemeratam
822 2374 1005 2438 custodiam
1031 2374 1167 2437 istarum
1191 2384 1380 2457 treugarum
1406 2374 1471 2436 sint
1501 2372 1624 2436 iudices
1694 2328 1929 2438 vcwuswb

250 2452 261 2463 Ἰ
273 2474 458 2557 specialiter
486 2454 847 2563 deprffat'sffiuos
875 2476 927 2541 vel
960 2498 1019 2561 per
1049 2497 1141 2558 reges
1171 2478 1214 2541 sit
1243 2487 1435 2561 precantum
1466 2476 1566 2558 quod,
1596 2477 1623 2538 si

272 2577 408 2660 aliquod
427 2580 626 2644 contrarium
644 2581 714 2645 istis
736 2581 860 2665 treugis
879 2601 938 2665 per
952 2578 1097 2663 aliquem
1113 2580 1210 2644 suerit
1225 2591 1472 2664 attemptatum,
1487 2581 1531 2644 ad
1555 2590 1623 2643 sta-

272 2691 344 2745 tum
363 2681 513 2746 debitum
532 2694 647 2768 treuge
669 2685 733 2749 sint
757 2685 940 2762 reformate,
956 2704 1015 2749 nec
1039 2693 1173 2767 propter
1195 2685 1320 2767 aliquid
1343 2685 1401 2747 eiis
1423 2684 1622 2749 contrarium

272 2785 396 2851 sactum
417 2787 483 2852 sint
503 2786 604 2855 fracte
625 2789 703 2873 ipse,
725 2789 871 2854 articulis
891 2800 1004 2854 tamen
1024 2786 1175 2854 Scociam
1197 2789 1408 2871 tangentibus
1422 2809 1483 2854 suo
1505 2788 1623 2853 robore

273 2891 503 2974 permansuris.

219 3026 251 3085 ,-
359 2995 472 3073 ‘Item,
491 2996 613 3061 iudices
635 2997 793 3080 assignati
815 2998 858 3062 ad
880 2996 1149 3063 reformacionem
1165 2995 1355 3061 violacionis
1376 2996 1511 3060 istarum
1534 3007 1622 3061 treu-

215 3092 218 3099 ’
272 3119 398 3182 garum,
414 3100 440 3163 si
455 3099 573 3166 alicam
590 3099 659 3165 fieri
674 3102 853 3186 contingat,
870 3102 975 3186 ipsam
998 3102 1030 3165 in
1054 3101 1133 3167 locis
1152 3102 1194 3166 ad
1213 3101 1277 3166 hoc
1293 3101 1440 3164 maxime
1451 3102 1623 3184 oportunis

271 3213 304 3266 et
330 3224 375 3267 ex
404 3225 537 3269 assensu
568 3205 714 3288 parcium
744 3203 856 3270 electis
885 3207 1039 3270 studeant
1069 3205 1231 3271 resarcire.
1278 3203 1431 3269 Ceterum
1455 3204 1487 3267 in
1517 3206 1623 3269 causis
1783 3175 1811 3277 l,
1836 3189 1973 3367 ‘rupim

272 3307 409 3371 istarum
439 3317 627 3393 treugarum
664 3308 854 3374 firmitatem
888 3288 1257 3375 concementffint
1296 3309 1418 3374 iudices
1453 3309 1622 3373 constituti

271 3412 533 3478 constabularius
562 3423 596 3478 et
627 3413 836 3479 marescallus
857 3413 981 3499 Anglie
1010 3425 1043 3479 et
1065 3411 1392 3517 QLancastrie
1413 3423 1446 3477 et
1469 3412 1623 3477 dominus
1829 3464 1842 3531 f
1942 3440 1956 3548 ι

272 3512 525 3582 Bartholomeus
547 3518 590 3582 de
610 3516 835 3619 Bpurgbasc-h,
853 3539 897 3583 ex
920 3529 1014 3603 parte
1031 3518 1117 3602 regis
1134 3516 1278 3602 Anglie3
1309 3515 1398 3594 item,
1413 3516 1622 3583 constabula·
1745 3506 1820 3631 'Mf
1831 3516 1872 3571 cf
1888 3490 1937 3553 ''²'‘
1957 3515 1978 3561 t

5 3676 10 3707 ,-
272 3619 339 3683 rius
353 3630 386 3684 et
408 3621 617 3686 marescallus
636 3620 775 3689 Francie
791 3634 824 3688 et
842 3643 953 3689 comes
972 3622 1143 3690 Dactoens
1162 3632 1196 3688 et
1218 3621 1372 3687 dominus
1394 3619 1560 3686 Gallridus
1580 3622 1623 3684 de
1788 3678 1818 3707 s,
1880 3656 1893 3711 ‚-
1961 3660 1967 3667 ·
2000 3674 2008 3687 .

6 3708 23 3729 '¹
65 3750 74 3780 ι
128 3646 137 3795 l
272 3721 384 3789 Charn
410 3725 850 3810 ‚exparteregisFrancie.
982 3720 1175 3749 ”“’“““·“
1263 3715 1632 3811 *⁸*
1706 3685 1783 3790 >⁸³

88 3838 94 3853 ⁸
131 3835 137 3847 '
200 3872 215 3901 ,
240 3864 246 3901 r
258 3876 265 3943 t
279 3746 517 3912 *ffnsuper
532 3840 581 3894 est
597 3831 786 3896 ordinatum
801 3831 890 3915 quod
907 3840 1021 3915 treuge
1040 3831 1100 3896 iste
1115 3830 1181 3894 sint
1196 3829 1351 3914 pupplice
1371 3827 1573 3914 proclamate
1589 3828 1621 3892 in

17 3918 60 4031 qb
201 3920 220 3929 ’
241 3912 246 3925 ’
271 3928 436 4007 Vasconia
452 3942 487 3998 et
503 3932 671 3999 Britannia
687 3934 771 3999 infra
785 3936 873 4000 diem
891 3936 1092 4013 vicesimum,
1113 3944 1147 3999 et
1166 3935 1199 3998 in
1217 3933 1335 3999 Scocia
1351 3933 1434 3997 inira
1451 3931 1540 3996 diem
1563 3934 1620 3996 tri·

271 4034 440 4112 cesimum,
470 4057 491 4101 a
520 4038 575 4103 die
603 4037 863 4106 confirmacionis
891 4040 1082 4105 earumdem
1113 4048 1311 4123 treugarum,
1341 4038 1420 4121 ipsis
1449 4055 1552 4118 usque
1578 4036 1620 4099 ad

272 4136 392 4204 festum
414 4141 518 4207 sancti
542 4141 693 4209 Bamabe
710 4143 867 4230 Apostoli
886 4143 1077 4228 proximum
1100 4164 1238 4226 sequens
1256 4144 1434 4207 dumtaxat
1452 4136 1621 4204 valituris’

879 4261 889 4296 ¹
906 4280 961 4320 om.
979 4265 1013 4319 Β.

330 4348 337 4371 ὅ
434 4230 857 4529 fflbh
946 4440 1024 4585 13>
1057 4398 1166 4597 Ἣ
