4282 4890
468 289 530 353 168
881 290 1190 348 CHRONICULUM
1207 288 1414 345 GALFRIDI

464 492 696 576 Fredeswyde,
723 490 775 557 cui
802 490 908 556 multa
935 491 1024 555 bona
1048 488 1209 567 contulit;
1241 500 1275 554 et
1301 487 1465 595 capellam
1488 491 1595 555 sancti
1623 488 1759 575 Georgii
1784 493 1819 555 in

456 574 1239 682 uum

1629 611 1775 696 lxxme.

464 684 1014 816 ffisum
1037 741 1088 797 est
1110 730 1235 795 bellum
1258 733 1348 816 apud
1373 732 1498 807 Lewes,
1525 733 1581 797 ubi
1605 746 1723 818 captus
1748 744 1819 800 erat

354 871 361 892 ·
464 855 651 922 Edwardus
673 855 760 920 filius
790 854 884 937 regis,
907 874 983 918 cum
1008 852 1120 917 multis
1142 852 1317 930 nobilibus,
1344 873 1405 937 per
1427 852 1612 937 Symonem
1634 857 1678 919 de
1701 855 1819 921 Monte

463 978 551 1043 sorti.
1639 974 1774 1059 lxxxiij.

550 1097 714 1164 M.cc.lxv.
761 1095 986 1161 Commissum
1010 1105 1059 1160 est
1085 1115 1185 1178 grave
1211 1093 1351 1179 prelium
1377 1094 1467 1179 apud
1493 1095 1671 1175 Evesham,
1697 1097 1818 1179 inquo

430 1264 435 1269 -
463 1219 593 1303 Symon
619 1222 663 1285 de
689 1220 808 1284 Monte
831 1218 908 1283 sorti
933 1237 1008 1282 cum
1036 1216 1149 1283 multis
1175 1216 1248 1282 aliis
1275 1215 1428 1281 fidelibus
1450 1217 1615 1282 occubuit.
1661 1217 1818 1284 Octobon

463 1340 593 1425 legatus
614 1340 716 1405 venit.
1650 1336 1772 1422 lxxxij.

551 1458 739 1542 M.cc.lxvij.
785 1458 820 1523 A
842 1456 1070 1523 discumfitura
1092 1458 1180 1523 facta
1201 1458 1290 1542 apud
1316 1457 1568 1523 Cestreseldiam
1595 1459 1628 1522 in
1655 1460 1816 1526 comitatu

463 1583 598 1649 Derbie.
1672 1579 1771 1645 lxxx.

549 1703 743 1787 M.Cc.lxxij.
788 1701 847 1766 Ab
856 1702 950 1768 obitu
966 1701 1052 1785 regis
1064 1699 1201 1766 Henrici
1217 1702 1336 1784 quarti,
1351 1721 1427 1767 cum
1443 1713 1615 1785 regnasset
1629 1702 1696 1786 lvij.
1712 1704 1815 1780 anniS,

462 1846 550 1892 anno
571 1826 669 1891 etatis
689 1845 748 1890 sue
768 1823 862 1907 lx⁰vj.
909 1823 1040 1888 Eodem
1061 1844 1149 1888 anno
1170 1824 1254 1888 obiit
1276 1821 1440 1888 Ricardus
1459 1823 1641 1907 imperator
1654 1821 1816 1888 Aleman-

462 1948 524 2026 nie,
546 1948 645 2012 frater
666 1947 745 2010 eius.
1677 1944 1772 2009 lxxv.

549 2065 769 2150 mcclxxiiij.
814 2065 850 2129 A
872 2064 1088 2131 coronacione
1103 2065 1189 2148 regis
1211 2064 1376 2141 Edwardi,
1393 2065 1452 2130 filii
1470 2066 1556 2150 regis
1578 2066 1725 2143 Henrici,
1740 2087 1816 2131 cum

463 2190 625 2254 Alienore
640 2209 746 2252 uxore
762 2207 830 2263 sua,
847 2187 938 2271 apud
953 2185 1298 2251 Westmonasterium.
1646 2188 1768 2272 lxxiij.¹

547 2304 773 2389 mcclxxviij.
820 2303 897 2369 Rex
924 2302 1101 2369 Scotorum
1128 2304 1206 2369 fecit
1228 2305 1420 2388 homagium
1443 2305 1533 2372 dicto
1556 2306 1732 2382 Edwardo,
1753 2305 1817 2371 hac

463 2427 656 2495 condicione
672 2437 717 2502 ut,
735 2427 935 2510 ubicumque
949 2448 1008 2490 rex
1025 2427 1224 2491 inveniretur
1239 2426 1272 2489 in
1284 2426 1418 2510 Anglia,
1430 2425 1623 2511 homagium
1639 2428 1818 2494 admittere

463 2568 530 2614 non
553 2548 710 2613 differret.
1687 2548 1771 2614 lxix.

550 2669 758 2736 M.cc.lxxix.
805 2670 861 2734 Ex
878 2690 946 2753 quo
968 2670 1030 2734 iuit
1053 2669 1229 2733 inhibitum
1254 2688 1296 2731 ne
1317 2679 1405 2733 terra
1428 2678 1462 2733 et
1484 2677 1677 2735 tenementa
1694 2691 1816 2755 appro-

462 2791 648 2876 priarentur
667 2791 746 2856 viris
769 2791 937 2876 religiosis,
961 2812 1003 2856 ne
1033 2791 1146 2874 aliquo
1170 2789 1272 2855 modo
1295 2791 1338 2854 ad
1369 2810 1505 2855 manum
1529 2801 1693 2857 mortuam
1716 2793 1816 2857 deve-

463 2914 579 2991 nirent,
603 2914 731 2996 absque
760 2913 894 2997 speciali
924 2912 1059 2977 licencia
1088 2912 1215 2976 domini
1245 2913 1341 2994 regis.
1401 2911 1533 2977 Eodem
1562 2933 1651 2978 anno
1681 2924 1816 2980 moneta

463 3044 592 3100 mutata
606 3034 712 3100 fuerat
727 3033 762 3098 in
776 3031 912 3118 Anglia.
1668 3035 1771 3119 lxviij.

551 3154 773 3237 M.cc.lxxxij.
819 3153 1015 3228 Lewelinus‚
1038 3155 1189 3239 princeps
1203 3151 1335 3228 Wallie,
1352 3123 1552 3230 interficitur,
1568 3163 1602 3219 et
1624 3166 1725 3241 caput
1744 3158 1817 3222 eius

465 3276 631 3341 Edwardo
653 3276 721 3359 regi
744 3295 804 3359 per
824 3274 1041 3339 Edmundum
1067 3275 1110 3340 de
1134 3275 1271 3341 Mortuo
1294 3277 1374 3339 mari
1401 3276 1656 3356 transmittitur;
1686 3278 1815 3344 David-

463 3419 538 3481 que,
575 3397 678 3462 irater
715 3395 882 3472 Lewelini,
915 3397 1005 3479 apud
1051 3395 1219 3461 Rothelan
1263 3398 1400 3482 capitur,
1441 3417 1625 3482 corpusque
1662 3399 1742 3475 eius,
1782 3400 1815 3463 in

463 3529 577 3606 partes
606 3492 759 3595 divisum,
787 3516 821 3581 in
851 3525 994 3599 quatuor
1026 3518 1216 3583 civitatibus
1244 3519 1465 3603 suspenditur,
1494 3521 1604 3605 capite
1633 3520 1817 3587 Londoniis

462 3660 635 3727 suspenso.
1701 3642 1770 3706 lxv.

550 3759 793 3840 ucclxxxiiij.
830 3757 866 3824 A
882 3758 1057 3824 nativitate
1071 3759 1157 3842 regis
1172 3759 1328 3826 Edwardi
1344 3771 1421 3845 post
1437 3772 1655 3845 conquestum
1671 3762 1816 3841 secundi,

463 3885 519 3950 die
548 3883 654 3948 sancti
685 3881 814 3946 Mathie
844 3878 1076 3966 evangeliste²‚
1106 3883 1196 3965 apud
1228 3882 1434 3947 Kamarvan.
1490 3884 1560 3948 Iter
1591 3885 1719 3950 iusticie
1744 3896 1815 3950 erat

465 4007 497 4068 in
520 4002 655 4087 Anglia.
1687 4004 1770 4088 lxiij.

551 4121 804 4205 M.cc.lxxxviij.
860 4123 992 4188 Tantus
1023 4124 1113 4191 calor
1141 4133 1213 4190 erat
1243 4124 1276 4188 in
1302 4134 1496 4208 autumpno,
1521 4135 1558 4191 ut
1587 4125 1621 4190 in
1651 4125 1815 4210 plerisque

798 4258 807 4292 ¹
826 4259 918 4331 lxxiiij.
939 4261 970 4315 B.
1253 4260 1426 4331 'evangelii
1446 4263 1478 4317 B.
