4282 4890
965 137 1029 199 fr
1056 93 1225 208 <lv-»ri
1244 130 1303 167 ‘2⁷
1332 124 1371 159 ³·
1494 69 1601 182 <asel
1622 104 1873 212 gerim-,12
1939 207 1954 226 ·

618 310 673 365 ra
695 307 841 364 aaran
862 122 1255 572 oestrussnorrs.
1395 197 1505 350 ss}
1545 240 1661 388 ‘ff
1997 273 2024 295 “

1637 362 1816 502 (ιω,

259 507 449 591 piratarum,
465 528 670 574 cumeorum
686 511 770 574 duce
785 507 853 573 filio
869 508 937 591 reg'
971 506 1083 573 Cisilie
1099 509 1213 574 iuvene
1234 508 1348 588 milite,
1362 509 1493 574 luerunt
1510 511 1609 574 inter·
1631 517 1788 567 A·D·1³88·

259 628 345 694 secti.
402 627 576 696 Predicto¹
601 629 698 694 militi
722 629 814 695 dedit
839 629 1041 694 Francorum
1058 624 1219 694 'tirannus
1246 631 1401 714 quicquid
1431 631 1539 715 potuit
1569 631 1611 695 de
1631 646 1756 712 Theyare

261 770 363 833 regno
393 750 518 835 Anglie
548 750 717 829 nancissci,
747 760 797 815 set
827 750 908 835 ipse,
934 771 955 814 a
983 751 1072 833 qod
1096 752 1389 936 wtlcffifse
1418 761 1610 837 prostratus,
1631 711 1751 764 Μή

1144 882 1200 936 atu

148 915 191 944 „
260 872 425 936 clamans:
456 871 655 983 ‘Qss
685 872 840 937 occubuit
892 894 912 935 u
980 893 1019 936 us
1090 894 1108 936 a
1185 847 1297 937 'scab
1334 876 1453 939 eodem
1491 874 1612 939 rustico

260 992 481 1058 reclamante:
514 992 611 1058 ‘Scio
633 994 723 1075 quod
745 1003 782 1057 tu
806 1013 841 1057 es
871 947 1212 1109 Qiffi
1239 994 1327 1058 enim
1357 994 1522 1059 intellexit
1552 1013 1613 1060 nec
1638 978 1677 1049 ><

15 1130 135 1233 ςῖω,,·-Ἀ
259 1115 328 1179 eius
353 1115 477 1210 idioma
503 1132 564 1179 nec
590 1125 661 1179 erat
685 1115 803 1179 doctus
825 1123 941 1198 captos
959 1133 1136 1196 generosos
1166 1116 1388 1199 redempcioni
1410 1136 1612 1181 conservare.
1782 1108 1897 1213 ΑΛ
1917 1120 2014 1239 μή(

17 1234 46 1363 l*
118 1319 142 1391 l
202 1288 206 1295 .
261 1235 380 1318 Itaque
402 1233 546 1300 residui²
568 1235 789 1312 Ianuensium,
812 1244 889 1318 post
914 1232 1146 1330 Ἦρξε-ξω
1167 1234 1245 1300 ville
1274 1237 1546 1314 combustionem,
1569 1237 1613 1301 ad
1839 1234 1871 1320 i

49 1357 118 1412 r
141 1286 241 1484 ‘rt

259 1356 381 1438 galeas,
403 1357 602 1439 quibusdam
618 1357 803 1436 submersis,
819 1354 993 1439 fugierunt.
1039 1355 1138 1421 Hanc
1153 1355 1266 1420 villam
1288 1357 1356 1422 eius
1373 1354 1478 1422 incole
1499 1357 1613 1485 amplo
1669 1367 1719 1440 ><
1762 1299 1981 1406 Ψωαῦ

261 1497 356 1541 muro
378 1488 495 1562 postea
517 1478 701 1543 cinxerunt.

252 1567 764 1682 *m
786 1618 845 1682 per
865 1609 973 1664 totam
995 1597 1152 1683 hyemem
1174 1599 1264 1684 apud
1286 1600 1474 1684 Andewerp
1497 1590 1613 1684 peren·
1633 1619 1745 1670 Binhof
1818 1678 1821 1683 ,
1903 1640 1906 1645 <
1961 1640 2003 1717 'rt

261 1718 396 1799 dinavit,
419 1720 475 1786 ubi
507 1720 619 1805 regina
648 1719 711 1785 sibi
741 1719 869 1803 peperit
899 1720 1070 1785 dominum
1100 1720 1312 1801 Leuencium,
1342 1722 1499 1787 comitem
1529 1721 1613 1807 Dol-
1633 1686 1779 1802 {iffi}
1827 1700 1977 1846 tuso&

260 1841 389 1946 Q
420 1828 827 1914 ,amalfis
849 1881 1022 1970 ah&
1058 1853 1307 1966 Q
1634 1819 1768 1885 (ΨΜ)
1819 1874 2001 1940 ᾙΜ,

352 1963 448 2041 Item,
464 1984 525 2028 rex
544 1963 688 2047 suscepit
701 1961 895 2029 vicariatum
917 1963 1044 2047 imperii
1059 1985 1080 2028 a
1095 1963 1223 2047 prelato
1241 1965 1326 2030 duce
1341 1965 1488 2042 Bavarie,
1507 1965 1622 2067 Q
1634 1978 1740 2094 mpod
1836 1986 1842 2032 .·

1590 2087 1597 2103 ,
1633 2062 1675 2095 ma
1692 2060 1785 2096 evlcal'

262 2084 368 2148 tenuit
391 2105 452 2194 pro
475 2085 682 2169 imperatore,
705 2105 804 2169 super
825 2105 892 2167 quo
911 2106 999 2168 papa
1021 2084 1150 2169 scripsit
1173 2085 1215 2150 eii
1238 2085 1349 2151 literas
1372 2087 1615 2183 redargucionrs
1634 2110 1713 2188 osche
1806 2090 1908 2165 cta(
1965 2112 1974 2127 ν
2002 2108 2016 2139 r

1 2268 2 2271 ,
43 2229 171 2361 ὂψ
263 2212 297 2268 et
319 2206 541 2270 exortacionis
563 2217 643 2270 satrs
665 2206 747 2270 dure
769 2214 953 2290 conceptas,
976 2205 1019 2269 de
1040 2206 1121 2270 dato
1140 2205 1252 2313 idibus
1274 2208 1483 2285 Novembris,
1506 2208 1614 2291 ponti·
1634 2177 1745 2337 Eup}
1771 2241 1832 2324 m

1177 2294 1290 2313 K.-

264 2323 380 2390 ficatus
410 2327 460 2390 sui
489 2346 577 2391 anno
606 2335 736 2410 quarto,
766 2326 875 2392 adhuc
905 2347 983 2410 rege
1011 2325 1122 2391 taliter
1152 2327 1185 2390 in
1214 2329 1363 2411 partibus
1391 2328 1615 2394 transmarinis

262 2465 416 2528 guerram
439 2468 533 2512 suam
556 2468 617 2531 pro
638 2467 699 2512 suo
723 2446 792 2510 iure
813 2446 1009 2511 incoandam
1036 2447 1268 2530 suspendente.

351 2566 391 2631 In
405 2566 519 2651 vigilia
538 2567 818 2632 Annunciacionis
840 2567 994 2632 undecim
1013 2566 1109 2650 galee
1127 2568 1332 2634 immiserunt
1352 2569 1462 2653 ignem
1476 2570 1554 2634 ville
1571 2570 1615 2634 de
1634 2591 1789 2641 amram.

264 2688 458 2774 Hesewychr
480 2689 571 2753 cuius
596 2688 749 2753 ardorem
778 2697 894 2752 ventus
916 2688 1097 2753 contrarius
1127 2688 1271 2772 proibuit
1295 2710 1438 2755 crescere
1461 2691 1493 2753 in
1515 2710 1615 2756 nocu-
1632 2671 1790 2789 ffirencu

265 2819 422 2875 mentum.
476 2810 624 2876 Ulterius
654 2810 687 2873 in
716 2827 811 2886 anne,
834 2807 919 2874 circa
949 2809 1175 2887 Pentecosten,
1201 2811 1614 2925 Q&
1634 2801 1772 2937 {fflssp
1804 2878 1878 2923 h,

265 2931 451 3012 Ianuenses‚
467 2932 500 2996 in
514 2931 630 3017 galeys
645 2941 679 2997 et
694 2929 849 3015 spinaciis
864 2931 950 2996 circa
967 2940 1100 3014 portum
1118 2930 1336 3014 Hamptonis³
1352 2933 1471 2996 iterato
1487 2933 1520 2996 in
1532 2934 1614 2998 mari
1634 2938 1789 2981 ρ

6 2397 216 2503 rouo

265 3072 301 3117 se
319 3054 538 3132 ostendentes,
553 3076 589 3120 se
608 3055 691 3122 velle
706 3056 874 3141 applicare
889 3057 1081 3122 comminati
1102 3067 1179 3122 sunt
1194 3077 1254 3140 per
1268 3076 1345 3120 suos
1365 3054 1512 3133 nuncios,
1530 3075 1614 3137 quos

265 3174 428 3241 iusserunt
447 3186 645 3260 apparatum
659 3177 736 3243 ville
750 3178 933 3264 explorare
979 3179 1035 3257 Et,
1055 3178 1134 3261 quia
1153 3188 1288 3263 paratos
1309 3174 1433 3241 incolas
1453 3177 1497 3241 ad
1520 3177 1615 3242 resis-

264 3297 404 3361 tendum
420 3308 643 3381 perceperunt,
658 3300 702 3364 ad
719 3297 861 3364 insulam
876 3300 919 3363 de
932 3299 1040 3365 Vecta
1055 3301 1276 3383 migraverunt
1291 3322 1299 3377 ;
1321 3308 1372 3361 set
1387 3297 1420 3361 in
1439 3297 1528 3362 illam
1547 3318 1614 3361 non

265 3417 436 3496 intrarunt,
459 3418 613 3483 cedentes
636 3421 833 3503 proibicioni
860 3383 1064 3499 incolin'rnr]
1093 3430 1143 3485 set
1164 3441 1201 3484 se
1222 3416 1458 3484 transtulerunt
1484 3421 1526 3484 ad
1549 3419 1615 3484 alia
1635 3427 1789 3494 Theyhmy

265 3536 339 3603 loca
355 3538 521 3605 maritima
541 3539 647 3605 minus
667 3540 752 3606 bene
772 3543 908 3620 munita,
924 3542 956 3606 in
972 3542 1101 3626 quibus,
1117 3562 1210 3606 more
1230 3538 1496 3617 latrunculorum,
1513 3538 1616 3604 multa
1633 3494 1761 3611 mutu
1918 3565 1964 3635 ως,

265 3659 354 3725 mala
369 3660 622 3737 commiserunt3
645 3670 679 3727 et
695 3671 821 3746 postea,
836 3662 870 3726 in
885 3661 970 3728 festo
987 3661 1145 3754 Corporis
1162 3660 1294 3750 Christi
1309 3658 1400 3743 apud
1417 3659 1615 3743 Hastinghe,
1663 3657 1788 3739 m
1818 3622 1891 3709 24

1 3752 101 3836 lura
162 3785 168 3801 '
264 3780 409 3863 quedam
426 3779 584 3869 urgujia⁴
600 3782 803 3866 piscatorum
817 3783 1070 3849 combusserunt
1088 3802 1164 3847 curn
1182 3760 1614 3903 ww·
1642 3748 1960 3869 ,ψ

265 3901 327 3966 bus
357 3901 482 3967 occisis.
542 3902 639 3982 Item,
669 3913 784 3970 contra
821 3903 963 3969 insulam
993 3903 1131 3970 Tanatis
1164 3912 1198 3969 et
1228 3901 1408 3968 Doveriam
1437 3911 1471 3966 et
1500 3912 1616 3968 contra
1651 3884 1690 3971 >l
1712 3838 1884 4104 mli)

1776 3257 1802 3339 (b1
1822 3316 1881 3357 Ἣ
1898 3273 1929 3341 l‘

265 4145 379 4222 secere,
394 4143 456 4209 nisi
471 4145 628 4209 adversus
646 4165 808 4232 pauperes
826 4146 1017 4230 piscatores.
1061 4147 1191 4212 Deinde
1212 4146 1244 4209 in
1266 4144 1428 4229 portubus
1447 4143 1615 4210 Comubie
1683 4112 1733 4279 s,
1761 4196 1791 4215 ,,
1845 4198 1850 4207 .

337 4288 491 4361 ¹predicti·
510 4292 544 4346 B·
650 4290 800 4349 'residuo
820 4294 852 4349 B.
959 4290 1139 4349 'Harmonia
1153 4293 1185 4347 B.
1293 4287 1466 4360 ‘turgum'a
1486 4289 1519 4343 B.
