<?xml version="1.0" encoding="UTF-8"?>
<!DOCTYPE html PUBLIC "-//W3C//DTD XHTML 1.0 Transitional//EN"
    "http://www.w3.org/TR/xhtml1/DTD/xhtml1-transitional.dtd">
<html xmlns="http://www.w3.org/1999/xhtml" xml:lang="en" lang="en">
 <head>
  <title>
</title>
<meta http-equiv="Content-Type" content="text/html;charset=utf-8" />
  <meta name='ocr-system' content='tesseract 3.04.00' />
  <meta name='ocr-capabilities' content='ocr_page ocr_carea ocr_par ocr_line ocrx_word'/>
</head>
<body>
  <div class='ocr_page' id='page_1' title='image "./chronicongalfri00thomgoog_0369.png"; bbox 0 0 4282 4890; ppageno 0'>
   <div class='ocr_carea' id='block_1_1' title="bbox 491 256 1436 342">
    <p class='ocr_par' dir='ltr' id='par_1_1' title="bbox 491 256 1436 342">
     <span class='ocr_line' id='line_1_1' title="bbox 491 256 1436 342; baseline 0.014 -24"><span class='ocrx_word' id='word_1_1' title='bbox 491 256 552 318; x_wconf 79' lang='lat'>166</span> <span class='ocrx_word' id='word_1_2' title='bbox 901 270 1210 342; x_wconf 83' lang='lat' dir='ltr'><em>CHRONICULUM</em></span> <span class='ocrx_word' id='word_1_3' title='bbox 1230 274 1436 331; x_wconf 83' lang='lat' dir='ltr'>GALFRIDI</span> 
     </span>
    </p>
   </div>
   <div class='ocr_carea' id='block_1_2' title="bbox 574 467 1841 563">
    <p class='ocr_par' dir='ltr' id='par_1_2' title="bbox 574 467 1841 563">
     <span class='ocr_line' id='line_1_2' title="bbox 574 467 1841 563; baseline 0.009 -30"><span class='ocrx_word' id='word_1_4' title='bbox 574 467 770 533; x_wconf 66' lang='lat' dir='ltr'>mcxxxix.</span> <span class='ocrx_word' id='word_1_5' title='bbox 815 469 875 535; x_wconf 89' lang='lat' dir='ltr'>Ab</span> <span class='ocrx_word' id='word_1_6' title='bbox 904 470 1051 535; x_wconf 90' lang='lat' dir='ltr'>adventu</span> <span class='ocrx_word' id='word_1_7' title='bbox 1082 472 1232 539; x_wconf 91' lang='lat' dir='ltr'>Matildis</span> <span class='ocrx_word' id='word_1_8' title='bbox 1266 475 1483 558; x_wconf 87' lang='lat' dir='ltr'>imperatricis</span> <span class='ocrx_word' id='word_1_9' title='bbox 1513 477 1547 541; x_wconf 92' lang='lat' dir='ltr'>in</span> <span class='ocrx_word' id='word_1_10' title='bbox 1575 477 1748 563; x_wconf 89' lang='lat' dir='ltr'>Angliam,</span> <span class='ocrx_word' id='word_1_11' title='bbox 1776 501 1841 563; x_wconf 91' lang='lat' dir='ltr'>que</span> 
     </span>
    </p>
   </div>
   <div class='ocr_carea' id='block_1_3' title="bbox 484 592 1841 684">
    <p class='ocr_par' dir='ltr' id='par_1_3' title="bbox 484 592 1841 684">
     <span class='ocr_line' id='line_1_3' title="bbox 484 592 1841 684; baseline 0.003 -22"><span class='ocrx_word' id='word_1_12' title='bbox 484 605 604 680; x_wconf 85' lang='lat' dir='ltr'>quarto</span> <span class='ocrx_word' id='word_1_13' title='bbox 627 595 677 659; x_wconf 89' lang='lat' dir='ltr'>sui</span> <span class='ocrx_word' id='word_1_14' title='bbox 699 596 862 659; x_wconf 91' lang='lat' dir='ltr'>adventus</span> <span class='ocrx_word' id='word_1_15' title='bbox 884 613 971 657; x_wconf 91' lang='lat' dir='ltr'>anno</span> <span class='ocrx_word' id='word_1_16' title='bbox 993 592 1210 659; x_wconf 86' lang='lat' dir='ltr'>obsidebatur</span> <span class='ocrx_word' id='word_1_17' title='bbox 1229 616 1288 679; x_wconf 89' lang='lat' dir='ltr'>per</span> <span class='ocrx_word' id='word_1_18' title='bbox 1303 616 1416 681; x_wconf 91' lang='lat' dir='ltr'>regem</span> <span class='ocrx_word' id='word_1_19' title='bbox 1434 595 1666 684; x_wconf 88' lang='lat' dir='ltr'>Stephanum¹</span> <span class='ocrx_word' id='word_1_20' title='bbox 1684 601 1717 665; x_wconf 93' lang='lat' dir='ltr'>in</span> <span class='ocrx_word' id='word_1_21' title='bbox 1732 611 1841 666; x_wconf 91' lang='lat' dir='ltr'>castro</span> 
     </span>
    </p>
   </div>
   <div class='ocr_carea' id='block_1_4' title="bbox 464 690 1888 1045">
    <p class='ocr_par' dir='ltr' id='par_1_4' title="bbox 464 690 1888 1045">
     <span class='ocr_line' id='line_1_4' title="bbox 486 690 1888 805; baseline -0.044 -18"><span class='ocrx_word' id='word_1_22' title='bbox 486 719 628 788; x_wconf 91' lang='lat' dir='ltr'>Oxonie.</span> <span class='ocrx_word' id='word_1_23' title='bbox 1670 690 1888 805; x_wconf 43' lang='lat' dir='ltr'>Cema...-</span> 
     </span>
     <span class='ocr_line' id='line_1_5' title="bbox 464 778 1838 924; baseline 0.001 -19"><span class='ocrx_word' id='word_1_24' title='bbox 464 778 716 921; x_wconf 46' lang='lat' dir='ltr'>fimi.</span> <span class='ocrx_word' id='word_1_25' title='bbox 761 836 821 901; x_wconf 92' lang='lat' dir='ltr'>Ab</span> <span class='ocrx_word' id='word_1_26' title='bbox 852 835 947 902; x_wconf 91' lang='lat' dir='ltr'>obitu</span> <span class='ocrx_word' id='word_1_27' title='bbox 981 834 1067 919; x_wconf 90' lang='lat' dir='ltr'>regis</span> <span class='ocrx_word' id='word_1_28' title='bbox 1101 833 1273 918; x_wconf 90' lang='lat' dir='ltr'>Stephani,</span> <span class='ocrx_word' id='word_1_29' title='bbox 1296 859 1371 904; x_wconf 92' lang='lat' dir='ltr'>curn</span> <span class='ocrx_word' id='word_1_30' title='bbox 1405 851 1576 924; x_wconf 85' lang='lat' dir='ltr'>regnasset</span> <span class='ocrx_word' id='word_1_31' title='bbox 1613 840 1685 905; x_wconf 92' lang='lat' dir='ltr'>xix.</span> <span class='ocrx_word' id='word_1_32' title='bbox 1723 843 1838 922; x_wconf 87' lang='lat' dir='ltr'>annis;</span> 
     </span>
     <span class='ocr_line' id='line_1_6' title="bbox 483 952 1838 1045; baseline 0 -19"><span class='ocrx_word' id='word_1_33' title='bbox 483 959 640 1045; x_wconf 87' lang='lat' dir='ltr'>sepelitur</span> <span class='ocrx_word' id='word_1_34' title='bbox 667 952 757 1043; x_wconf 88' lang='lat' dir='ltr'>apud</span> <span class='ocrx_word' id='word_1_35' title='bbox 795 955 1007 1023; x_wconf 88' lang='lat' dir='ltr'>Faversham.</span> <span class='ocrx_word' id='word_1_36' title='bbox 1052 956 1184 1022; x_wconf 89' lang='lat' dir='ltr'>Eodem</span> <span class='ocrx_word' id='word_1_37' title='bbox 1215 978 1303 1023; x_wconf 92' lang='lat' dir='ltr'>anno</span> <span class='ocrx_word' id='word_1_38' title='bbox 1337 971 1515 1026; x_wconf 87' lang='lat' dir='ltr'>coronatur</span> <span class='ocrx_word' id='word_1_39' title='bbox 1548 961 1722 1038; x_wconf 87' lang='lat' dir='ltr'>Henricus‚</span> <span class='ocrx_word' id='word_1_40' title='bbox 1752 961 1838 1026; x_wconf 85' lang='lat' dir='ltr'>filius</span> 
     </span>
    </p>
   </div>
   <div class='ocr_carea' id='block_1_5' title="bbox 463 1081 1838 2137">
    <p class='ocr_par' dir='ltr' id='par_1_5' title="bbox 463 1081 1838 2137">
     <span class='ocr_line' id='line_1_7' title="bbox 463 1081 1793 1168; baseline -0.005 -19"><span class='ocrx_word' id='word_1_41' title='bbox 463 1144 466 1149; x_wconf 89' lang='lat'>.</span> <span class='ocrx_word' id='word_1_42' title='bbox 485 1081 715 1168; x_wconf 87' lang='lat' dir='ltr'>imperatricis.</span> <span class='ocrx_word' id='word_1_43' title='bbox 1670 1083 1793 1167; x_wconf 81' lang='lat' dir='ltr'>cxciij.</span> 
     </span>
     <span class='ocr_line' id='line_1_8' title="bbox 570 1199 1838 1284; baseline 0.001 -15"><span class='ocrx_word' id='word_1_44' title='bbox 570 1202 687 1269; x_wconf 86' lang='lat' dir='ltr'>M.C.lv.</span> <span class='ocrx_word' id='word_1_45' title='bbox 731 1201 768 1268; x_wconf 90' lang='lat' dir='ltr'>A</span> <span class='ocrx_word' id='word_1_46' title='bbox 791 1199 965 1268; x_wconf 87' lang='lat' dir='ltr'>nativitate</span> <span class='ocrx_word' id='word_1_47' title='bbox 998 1199 1085 1282; x_wconf 89' lang='lat' dir='ltr'>regis</span> <span class='ocrx_word' id='word_1_48' title='bbox 1109 1199 1246 1266; x_wconf 89' lang='lat' dir='ltr'>Henrici</span> <span class='ocrx_word' id='word_1_49' title='bbox 1275 1202 1378 1283; x_wconf 90' lang='lat' dir='ltr'>tercii,</span> <span class='ocrx_word' id='word_1_50' title='bbox 1400 1203 1481 1268; x_wconf 92' lang='lat' dir='ltr'>dicti</span> <span class='ocrx_word' id='word_1_51' title='bbox 1503 1203 1685 1271; x_wconf 88' lang='lat' dir='ltr'>‘Henricus</span> <span class='ocrx_word' id='word_1_52' title='bbox 1711 1204 1838 1284; x_wconf 85' lang='lat' dir='ltr'>iunior,&#39;</span> 
     </span>
     <span class='ocr_line' id='line_1_9' title="bbox 481 1321 1793 1410; baseline -0.002 -19"><span class='ocrx_word' id='word_1_53' title='bbox 481 1327 541 1391; x_wconf 86' lang='lat' dir='ltr'>filii</span> <span class='ocrx_word' id='word_1_54' title='bbox 562 1326 648 1409; x_wconf 88' lang='lat' dir='ltr'>regis</span> <span class='ocrx_word' id='word_1_55' title='bbox 672 1323 809 1390; x_wconf 89' lang='lat' dir='ltr'>Henrici</span> <span class='ocrx_word' id='word_1_56' title='bbox 832 1321 977 1388; x_wconf 81' lang='lat' dir='ltr'>secundi.</span> <span class='ocrx_word' id='word_1_57' title='bbox 1682 1325 1793 1410; x_wconf 83' lang='lat' dir='ltr'>cxcij.</span> 
     </span>
     <span class='ocr_line' id='line_1_10' title="bbox 568 1441 1836 1543; baseline 0.001 -33"><span class='ocrx_word' id='word_1_58' title='bbox 568 1446 708 1531; x_wconf 76' lang='lat' dir='ltr'>nr.c.lvij.</span> <span class='ocrx_word' id='word_1_59' title='bbox 751 1443 788 1510; x_wconf 90' lang='lat' dir='ltr'>A</span> <span class='ocrx_word' id='word_1_60' title='bbox 805 1444 977 1510; x_wconf 90' lang='lat' dir='ltr'>nativitate</span> <span class='ocrx_word' id='word_1_61' title='bbox 1000 1441 1199 1507; x_wconf 86' lang='lat' dir='ltr'>serenissimi</span> <span class='ocrx_word' id='word_1_62' title='bbox 1221 1443 1308 1526; x_wconf 89' lang='lat' dir='ltr'>regis</span> <span class='ocrx_word' id='word_1_63' title='bbox 1332 1444 1474 1521; x_wconf 91' lang='lat' dir='ltr'>Ricardi,</span> <span class='ocrx_word' id='word_1_64' title='bbox 1490 1445 1571 1511; x_wconf 89' lang='lat' dir='ltr'>dicti</span> <span class='ocrx_word' id='word_1_65' title='bbox 1588 1443 1836 1543; x_wconf 65' lang='lat' dir='ltr'>‘Quis&#39;</span> 
     </span>
     <span class='ocr_line' id='line_1_11' title="bbox 480 1563 1790 1659; baseline -0.002 -24"><span class='ocrx_word' id='word_1_66' title='bbox 480 1571 514 1636; x_wconf 96' lang='lat' dir='ltr'>in</span> <span class='ocrx_word' id='word_1_67' title='bbox 536 1569 667 1656; x_wconf 88' lang='lat' dir='ltr'>palacio</span> <span class='ocrx_word' id='word_1_68' title='bbox 689 1567 776 1655; x_wconf 88' lang='lat' dir='ltr'>regis</span> <span class='ocrx_word' id='word_1_69' title='bbox 797 1563 1089 1659; x_wconf 57' lang='lat' dir='ltr'>apunoxoniggn.</span> <span class='ocrx_word' id='word_1_70' title='bbox 1703 1582 1790 1633; x_wconf 87' lang='lat' dir='ltr'>cxc.</span> 
     </span>
     <span class='ocr_line' id='line_1_12' title="bbox 479 1660 1833 1774; baseline -0.003 -15"><span class='ocrx_word' id='word_1_71' title='bbox 479 1660 756 1774; x_wconf 65' lang='lat' dir='ltr'>asffelxnn</span> <span class='ocrx_word' id='word_1_72' title='bbox 773 1680 815 1752; x_wconf 74' lang='lat' dir='ltr'>&#39;A</span> <span class='ocrx_word' id='word_1_73' title='bbox 840 1660 1067 1753; x_wconf 59' lang='lat' dir='ltr'>&#39;&#39;translacione</span> <span class='ocrx_word' id='word_1_74' title='bbox 1100 1686 1205 1751; x_wconf 89' lang='lat' dir='ltr'>sancti</span> <span class='ocrx_word' id='word_1_75' title='bbox 1240 1685 1407 1762; x_wconf 87' lang='lat' dir='ltr'>Edwardi,</span> <span class='ocrx_word' id='word_1_76' title='bbox 1438 1688 1525 1770; x_wconf 88' lang='lat' dir='ltr'>regis</span> <span class='ocrx_word' id='word_1_77' title='bbox 1559 1696 1593 1752; x_wconf 91' lang='lat' dir='ltr'>et</span> <span class='ocrx_word' id='word_1_78' title='bbox 1626 1689 1833 1770; x_wconf 85' lang='lat' dir='ltr'>confessoris,</span> 
     </span>
     <span class='ocr_line' id='line_1_13' title="bbox 478 1807 1832 1899; baseline -0.003 -19"><span class='ocrx_word' id='word_1_79' title='bbox 478 1815 567 1899; x_wconf 90' lang='lat' dir='ltr'>apud</span> <span class='ocrx_word' id='word_1_80' title='bbox 591 1810 933 1888; x_wconf 78' lang='lat' dir='ltr'>westmonasterium,</span> <span class='ocrx_word' id='word_1_81' title='bbox 956 1828 1015 1892; x_wconf 92' lang='lat' dir='ltr'>per</span> <span class='ocrx_word' id='word_1_82' title='bbox 1044 1817 1196 1873; x_wconf 89' lang='lat' dir='ltr'>sanctum</span> <span class='ocrx_word' id='word_1_83' title='bbox 1225 1807 1403 1884; x_wconf 86' lang='lat' dir='ltr'>Thomam,</span> <span class='ocrx_word' id='word_1_84' title='bbox 1428 1807 1703 1875; x_wconf 88' lang='lat' dir='ltr'>Cantuariensem</span> <span class='ocrx_word' id='word_1_85' title='bbox 1726 1811 1832 1877; x_wconf 89' lang='lat' dir='ltr'>archi·</span> 
     </span>
     <span class='ocr_line' id='line_1_14' title="bbox 481 1930 1786 2020; baseline -0.005 -20"><span class='ocrx_word' id='word_1_86' title='bbox 481 1936 685 2020; x_wconf 84' lang='lat' dir='ltr'>episcopum.</span> <span class='ocrx_word' id='word_1_87' title='bbox 757 1937 765 1949; x_wconf 84' lang='grc'><strong>“</strong></span> <span class='ocrx_word' id='word_1_88' title='bbox 1616 1930 1786 2017; x_wconf 63' lang='lat' dir='ltr'>cdxxxiii.</span> 
     </span>
     <span class='ocr_line' id='line_1_15' title="bbox 567 2048 1831 2137; baseline -0.001 -18"><span class='ocrx_word' id='word_1_89' title='bbox 567 2053 720 2137; x_wconf 86' lang='lat' dir='ltr'>M.c.lxvj.</span> <span class='ocrx_word' id='word_1_90' title='bbox 763 2052 800 2118; x_wconf 92' lang='lat' dir='ltr'><strong>A</strong></span> <span class='ocrx_word' id='word_1_91' title='bbox 844 2051 1018 2117; x_wconf 88' lang='lat' dir='ltr'>nativitate</span> <span class='ocrx_word' id='word_1_92' title='bbox 1062 2050 1149 2132; x_wconf 86' lang='lat' dir='ltr'>regis</span> <span class='ocrx_word' id='word_1_93' title='bbox 1194 2048 1359 2124; x_wconf 92' lang='lat' dir='ltr'>Iohannis,</span> <span class='ocrx_word' id='word_1_94' title='bbox 1404 2049 1511 2115; x_wconf 86' lang='lat' dir='ltr'>fratris</span> <span class='ocrx_word' id='word_1_95' title='bbox 1547 2052 1641 2135; x_wconf 85' lang='lat' dir='ltr'>regis</span> <span class='ocrx_word' id='word_1_96' title='bbox 1686 2053 1831 2120; x_wconf 89' lang='lat' dir='ltr'>Ricardi.</span> 
     </span>
    </p>
   </div>
   <div class='ocr_carea' id='block_1_6' title="bbox 480 2169 1828 2482">
    <p class='ocr_par' dir='ltr' id='par_1_6' title="bbox 480 2169 1828 2482">
     <span class='ocr_line' id='line_1_16' title="bbox 480 2169 1809 2258; baseline -0.001 -16"><span class='ocrx_word' id='word_1_97' title='bbox 480 2177 610 2243; x_wconf 91' lang='lat' dir='ltr'>Eodem</span> <span class='ocrx_word' id='word_1_98' title='bbox 645 2196 733 2242; x_wconf 91' lang='lat' dir='ltr'>anno</span> <span class='ocrx_word' id='word_1_99' title='bbox 765 2172 914 2238; x_wconf 86' lang='lat' dir='ltr'>Matildis</span> <span class='ocrx_word' id='word_1_100' title='bbox 948 2171 1153 2256; x_wconf 87' lang='lat' dir='ltr'>imperatrix,</span> <span class='ocrx_word' id='word_1_101' title='bbox 1186 2169 1255 2236; x_wconf 89' lang='lat' dir='ltr'>filia</span> <span class='ocrx_word' id='word_1_102' title='bbox 1287 2171 1373 2254; x_wconf 85' lang='lat' dir='ltr'>regis</span> <span class='ocrx_word' id='word_1_103' title='bbox 1408 2172 1545 2239; x_wconf 89' lang='lat' dir='ltr'>Henrici</span> <span class='ocrx_word' id='word_1_104' title='bbox 1578 2173 1685 2258; x_wconf 85' lang='lat' dir='ltr'>primi,</span> <span class='ocrx_word' id='word_1_105' title='bbox 1716 2175 1809 2242; x_wconf 90' lang='lat' dir='ltr'>obiit.</span> 
     </span>
     <span class='ocr_line' id='line_1_17' title="bbox 1641 2290 1785 2375; baseline 0.021 -21"><span class='ocrx_word' id='word_1_106' title='bbox 1641 2290 1785 2375; x_wconf 87' lang='lat' dir='ltr'>c.lxxxj.</span> 
     </span>
     <span class='ocr_line' id='line_1_18' title="bbox 562 2403 1828 2482; baseline -0.002 -7"><span class='ocrx_word' id='word_1_107' title='bbox 562 2408 711 2476; x_wconf 80' lang='lat' dir='ltr'>n1.c.lxx.</span> <span class='ocrx_word' id='word_1_108' title='bbox 758 2407 795 2473; x_wconf 88' lang='lat' dir='ltr'><strong>A</strong></span> <span class='ocrx_word' id='word_1_109' title='bbox 831 2405 1050 2472; x_wconf 90' lang='lat' dir='ltr'>coronacione</span> <span class='ocrx_word' id='word_1_110' title='bbox 1087 2403 1225 2469; x_wconf 88' lang='lat' dir='ltr'>Henrici</span> <span class='ocrx_word' id='word_1_111' title='bbox 1261 2404 1405 2482; x_wconf 90' lang='lat' dir='ltr'>iunioris,</span> <span class='ocrx_word' id='word_1_112' title='bbox 1442 2414 1556 2470; x_wconf 88' lang='lat' dir='ltr'>contra</span> <span class='ocrx_word' id='word_1_113' title='bbox 1594 2405 1828 2472; x_wconf 82' lang='lat' dir='ltr'>inhibicionenr</span> 
     </span>
    </p>
   </div>
   <div class='ocr_carea' id='block_1_7' title="bbox 468 2523 1826 4067">
    <p class='ocr_par' dir='ltr' id='par_1_7' title="bbox 468 2523 1826 4067">
     <span class='ocr_line' id='line_1_19' title="bbox 473 2523 1805 2610; baseline -0.003 -12"><span class='ocrx_word' id='word_1_114' title='bbox 473 2532 580 2599; x_wconf 89' lang='lat' dir='ltr'>sancti</span> <span class='ocrx_word' id='word_1_115' title='bbox 601 2532 732 2598; x_wconf 90' lang='lat' dir='ltr'>Thome</span> <span class='ocrx_word' id='word_1_116' title='bbox 756 2527 907 2595; x_wconf 89' lang='lat' dir='ltr'>martiris.</span> <span class='ocrx_word' id='word_1_117' title='bbox 972 2526 1101 2591; x_wconf 87' lang='lat' dir='ltr'>Eodem</span> <span class='ocrx_word' id='word_1_118' title='bbox 1124 2546 1211 2592; x_wconf 90' lang='lat' dir='ltr'>anno</span> <span class='ocrx_word' id='word_1_119' title='bbox 1233 2523 1338 2610; x_wconf 86' lang='lat' dir='ltr'>Angli</span> <span class='ocrx_word' id='word_1_120' title='bbox 1360 2535 1521 2590; x_wconf 92' lang='lat' dir='ltr'>venerunt</span> <span class='ocrx_word' id='word_1_121' title='bbox 1544 2526 1576 2591; x_wconf 94' lang='lat' dir='ltr'>in</span> <span class='ocrx_word' id='word_1_122' title='bbox 1600 2527 1805 2596; x_wconf 89' lang='lat' dir='ltr'>Hiberniam.</span> 
     </span>
     <span class='ocr_line' id='line_1_20' title="bbox 1631 2648 1783 2735; baseline 0.007 -21"><span class='ocrx_word' id='word_1_123' title='bbox 1631 2648 1783 2735; x_wconf 61' lang='lat' dir='ltr'>clxxvii.</span> 
     </span>
     <span class='ocr_line' id='line_1_21' title="bbox 562 2766 1826 2856; baseline 0 -17"><span class='ocrx_word' id='word_1_124' title='bbox 562 2771 772 2856; x_wconf 84' lang='lat' dir='ltr'>M.c.lxxxiij.</span> <span class='ocrx_word' id='word_1_125' title='bbox 817 2771 877 2836; x_wconf 94' lang='lat' dir='ltr'>Ab</span> <span class='ocrx_word' id='word_1_126' title='bbox 908 2770 1001 2835; x_wconf 91' lang='lat' dir='ltr'>obitu</span> <span class='ocrx_word' id='word_1_127' title='bbox 1037 2768 1185 2834; x_wconf 90' lang='lat' dir='ltr'>eiusdem</span> <span class='ocrx_word' id='word_1_128' title='bbox 1219 2766 1356 2834; x_wconf 90' lang='lat' dir='ltr'>Henrici</span> <span class='ocrx_word' id='word_1_129' title='bbox 1386 2768 1529 2845; x_wconf 90' lang='lat' dir='ltr'>iunioris,</span> <span class='ocrx_word' id='word_1_130' title='bbox 1561 2770 1619 2853; x_wconf 92' lang='lat' dir='ltr'>qui</span> <span class='ocrx_word' id='word_1_131' title='bbox 1642 2771 1826 2840; x_wconf 87' lang='lat' dir='ltr'>‘Henricus</span> 
     </span>
     <span class='ocr_line' id='line_1_22' title="bbox 473 2892 1781 2978; baseline -0.004 -15"><span class='ocrx_word' id='word_1_132' title='bbox 473 2893 608 2963; x_wconf 86' lang='lat' dir='ltr'>tercius’</span> <span class='ocrx_word' id='word_1_133' title='bbox 631 2895 829 2959; x_wconf 88' lang='lat' dir='ltr'>nominatur.</span> <span class='ocrx_word' id='word_1_134' title='bbox 1654 2892 1781 2978; x_wconf 78' lang='lat' dir='ltr'>clxiiij.</span> 
     </span>
     <span class='ocr_line' id='line_1_23' title="bbox 561 3010 1824 3096; baseline 0.001 -16"><span class='ocrx_word' id='word_1_135' title='bbox 561 3015 771 3081; x_wconf 86' lang='lat' dir='ltr'>M.c.lxxxix.</span> <span class='ocrx_word' id='word_1_136' title='bbox 817 3013 876 3078; x_wconf 89' lang='lat' dir='ltr'>Ab</span> <span class='ocrx_word' id='word_1_137' title='bbox 897 3013 991 3077; x_wconf 93' lang='lat' dir='ltr'>obitu</span> <span class='ocrx_word' id='word_1_138' title='bbox 1015 3011 1099 3094; x_wconf 90' lang='lat' dir='ltr'>regis</span> <span class='ocrx_word' id='word_1_139' title='bbox 1118 3010 1255 3075; x_wconf 91' lang='lat' dir='ltr'>Henrici</span> <span class='ocrx_word' id='word_1_140' title='bbox 1278 3010 1422 3086; x_wconf 89' lang='lat' dir='ltr'>secundi,</span> <span class='ocrx_word' id='word_1_141' title='bbox 1441 3030 1516 3074; x_wconf 92' lang='lat' dir='ltr'>curn</span> <span class='ocrx_word' id='word_1_142' title='bbox 1533 3025 1700 3096; x_wconf 86' lang='lat' dir='ltr'>regnasset</span> <span class='ocrx_word' id='word_1_143' title='bbox 1717 3036 1824 3081; x_wconf 86' lang='lat' dir='ltr'>xxxv.</span> 
     </span>
     <span class='ocr_line' id='line_1_24' title="bbox 472 3131 1824 3220; baseline 0 -17"><span class='ocrx_word' id='word_1_144' title='bbox 472 3137 575 3216; x_wconf 90' lang='lat' dir='ltr'>annis,</span> <span class='ocrx_word' id='word_1_145' title='bbox 598 3137 642 3220; x_wconf 90' lang='lat' dir='ltr'>iij.</span> <span class='ocrx_word' id='word_1_146' title='bbox 659 3136 834 3201; x_wconf 89' lang='lat' dir='ltr'>mensibus.</span> <span class='ocrx_word' id='word_1_147' title='bbox 880 3133 1012 3198; x_wconf 91' lang='lat' dir='ltr'>Eodem</span> <span class='ocrx_word' id='word_1_148' title='bbox 1035 3153 1122 3198; x_wconf 92' lang='lat' dir='ltr'>anno</span> <span class='ocrx_word' id='word_1_149' title='bbox 1145 3141 1320 3199; x_wconf 90' lang='lat' dir='ltr'>coronatur</span> <span class='ocrx_word' id='word_1_150' title='bbox 1342 3152 1402 3196; x_wconf 88' lang='lat' dir='ltr'>rex</span> <span class='ocrx_word' id='word_1_151' title='bbox 1426 3131 1589 3198; x_wconf 88' lang='lat' dir='ltr'>Ricardus</span> <span class='ocrx_word' id='word_1_152' title='bbox 1607 3136 1697 3219; x_wconf 89' lang='lat' dir='ltr'>apud</span> <span class='ocrx_word' id='word_1_153' title='bbox 1712 3135 1824 3204; x_wconf 90' lang='lat' dir='ltr'>West·</span> 
     </span>
     <span class='ocr_line' id='line_1_25' title="bbox 474 3256 1778 3343; baseline -0.004 -17"><span class='ocrx_word' id='word_1_154' title='bbox 474 3257 720 3326; x_wconf 86' lang='lat' dir='ltr'>monasterium.</span> <span class='ocrx_word' id='word_1_155' title='bbox 1667 3256 1778 3343; x_wconf 84' lang='lat' dir='ltr'>c.lviij.</span> 
     </span>
     <span class='ocr_line' id='line_1_26' title="bbox 559 3373 1822 3462; baseline 0 -17"><span class='ocrx_word' id='word_1_156' title='bbox 559 3378 722 3462; x_wconf 83' lang='lat' dir='ltr'>M.c.xciij.</span> <span class='ocrx_word' id='word_1_157' title='bbox 766 3378 802 3443; x_wconf 90' lang='lat' dir='ltr'><strong>A</strong></span> <span class='ocrx_word' id='word_1_158' title='bbox 824 3374 980 3461; x_wconf 85' lang='lat' dir='ltr'>capcione</span> <span class='ocrx_word' id='word_1_159' title='bbox 1002 3376 1149 3441; x_wconf 86' lang='lat' dir='ltr'>eiusdem</span> <span class='ocrx_word' id='word_1_160' title='bbox 1173 3375 1259 3461; x_wconf 91' lang='lat' dir='ltr'>regis</span> <span class='ocrx_word' id='word_1_161' title='bbox 1283 3373 1440 3440; x_wconf 90' lang='lat' dir='ltr'>Richardi</span> <span class='ocrx_word' id='word_1_162' title='bbox 1463 3395 1523 3458; x_wconf 91' lang='lat' dir='ltr'>per</span> <span class='ocrx_word' id='word_1_163' title='bbox 1544 3377 1663 3442; x_wconf 90' lang='lat' dir='ltr'>ducem</span> <span class='ocrx_word' id='word_1_164' title='bbox 1684 3378 1822 3446; x_wconf 86' lang='lat' dir='ltr'>Austrie</span> 
     </span>
     <span class='ocr_line' id='line_1_27' title="bbox 473 3499 1777 3586; baseline -0.002 -17"><span class='ocrx_word' id='word_1_165' title='bbox 473 3505 506 3569; x_wconf 93' lang='lat' dir='ltr'>in</span> <span class='ocrx_word' id='word_1_166' title='bbox 528 3500 741 3569; x_wconf 89' lang='lat' dir='ltr'>Alemannia.</span> <span class='ocrx_word' id='word_1_167' title='bbox 1674 3499 1777 3586; x_wconf 81' lang='lat' dir='ltr'>eliiij.</span> 
     </span>
     <span class='ocr_line' id='line_1_28' title="bbox 558 3618 1821 3695; baseline 0 -5"><span class='ocrx_word' id='word_1_168' title='bbox 558 3623 720 3690; x_wconf 84' lang='lat' dir='ltr'>M.c.xciv.</span> <span class='ocrx_word' id='word_1_169' title='bbox 764 3619 800 3686; x_wconf 95' lang='lat' dir='ltr'><strong>A</strong></span> <span class='ocrx_word' id='word_1_170' title='bbox 815 3619 960 3687; x_wconf 88' lang='lat' dir='ltr'>secunda</span> <span class='ocrx_word' id='word_1_171' title='bbox 983 3618 1199 3687; x_wconf 87' lang='lat' dir='ltr'>coronacione</span> <span class='ocrx_word' id='word_1_172' title='bbox 1222 3618 1379 3695; x_wconf 90' lang='lat' dir='ltr'>eiusdem,</span> <span class='ocrx_word' id='word_1_173' title='bbox 1401 3637 1477 3682; x_wconf 91' lang='lat' dir='ltr'>cum</span> <span class='ocrx_word' id='word_1_174' title='bbox 1508 3629 1595 3684; x_wconf 91' lang='lat' dir='ltr'>esset</span> <span class='ocrx_word' id='word_1_175' title='bbox 1616 3641 1638 3685; x_wconf 93' lang='lat' dir='ltr'>a</span> <span class='ocrx_word' id='word_1_176' title='bbox 1669 3624 1821 3690; x_wconf 90' lang='lat' dir='ltr'>custodia</span> 
     </span>
     <span class='ocr_line' id='line_1_29' title="bbox 468 3739 1820 3828; baseline -0.001 -15"><span class='ocrx_word' id='word_1_177' title='bbox 468 3745 597 3813; x_wconf 92' lang='lat' dir='ltr'>solutus</span> <span class='ocrx_word' id='word_1_178' title='bbox 619 3756 653 3811; x_wconf 92' lang='lat' dir='ltr'>et</span> <span class='ocrx_word' id='word_1_179' title='bbox 676 3744 708 3808; x_wconf 92' lang='lat' dir='ltr'>in</span> <span class='ocrx_word' id='word_1_180' title='bbox 722 3742 883 3828; x_wconf 87' lang='lat' dir='ltr'>Angliam</span> <span class='ocrx_word' id='word_1_181' title='bbox 900 3763 1057 3822; x_wconf 86' lang='lat' dir='ltr'>reversus,</span> <span class='ocrx_word' id='word_1_182' title='bbox 1073 3742 1160 3808; x_wconf 91' lang='lat' dir='ltr'>datis</span> <span class='ocrx_word' id='word_1_183' title='bbox 1176 3739 1366 3824; x_wconf 90' lang='lat' dir='ltr'>imperatori</span> <span class='ocrx_word' id='word_1_184' title='bbox 1387 3739 1559 3805; x_wconf 92' lang='lat' dir='ltr'>obsidibus</span> <span class='ocrx_word' id='word_1_185' title='bbox 1577 3742 1611 3806; x_wconf 84' lang='lat' dir='ltr'>e&#39;t</span> <span class='ocrx_word' id='word_1_186' title='bbox 1632 3762 1659 3807; x_wconf 93' lang='lat' dir='ltr'>c.</span> <span class='ocrx_word' id='word_1_187' title='bbox 1676 3743 1820 3813; x_wconf 91' lang='lat' dir='ltr'>millibus</span> 
     </span>
     <span class='ocr_line' id='line_1_30' title="bbox 470 3849 1774 3950; baseline -0.006 -13"><span class='ocrx_word' id='word_1_188' title='bbox 470 3886 666 3937; x_wconf 88' lang='lat' dir='ltr'>marcarum.</span> <span class='ocrx_word' id='word_1_189' title='bbox 1164 3849 1172 3866; x_wconf 58' lang='lat'>⁸</span> <span class='ocrx_word' id='word_1_190' title='bbox 1683 3865 1774 3950; x_wconf 91' lang='lat' dir='ltr'>c.liij.</span> 
     </span>
     <span class='ocr_line' id='line_1_31' title="bbox 555 3983 1817 4067; baseline -0.002 -12"><span class='ocrx_word' id='word_1_191' title='bbox 555 3987 721 4056; x_wconf 87' lang='lat' dir='ltr'>M.c.xcix.</span> <span class='ocrx_word' id='word_1_192' title='bbox 763 3986 824 4053; x_wconf 96' lang='lat' dir='ltr'>Ab</span> <span class='ocrx_word' id='word_1_193' title='bbox 853 3986 947 4053; x_wconf 91' lang='lat' dir='ltr'>obitu</span> <span class='ocrx_word' id='word_1_194' title='bbox 980 3987 1129 4054; x_wconf 86' lang='lat' dir='ltr'>eiusdem</span> <span class='ocrx_word' id='word_1_195' title='bbox 1153 3983 1321 4064; x_wconf 86' lang='lat' dir='ltr'>Richardi,</span> <span class='ocrx_word' id='word_1_196' title='bbox 1344 4003 1420 4050; x_wconf 91' lang='lat' dir='ltr'>cum</span> <span class='ocrx_word' id='word_1_197' title='bbox 1444 3993 1614 4067; x_wconf 85' lang='lat' dir='ltr'>regnasset</span> <span class='ocrx_word' id='word_1_198' title='bbox 1636 3983 1681 4049; x_wconf 91' lang='lat' dir='ltr'>ix.</span> <span class='ocrx_word' id='word_1_199' title='bbox 1704 3988 1817 4065; x_wconf 74' lang='lat' dir='ltr'>annis3</span> 
     </span>
    </p>
   </div>
   <div class='ocr_carea' id='block_1_8' title="bbox 1026 4190 1251 4263">
    <p class='ocr_par' dir='ltr' id='par_1_8' title="bbox 1026 4190 1251 4263">
     <span class='ocr_line' id='line_1_32' title="bbox 1026 4190 1251 4263; baseline -0.013 -15"><span class='ocrx_word' id='word_1_200' title='bbox 1026 4190 1036 4224; x_wconf 90' lang='lat'>¹</span> <span class='ocrx_word' id='word_1_201' title='bbox 1055 4190 1199 4263; x_wconf 87' lang='lat' dir='ltr'>Stephani.</span> <span class='ocrx_word' id='word_1_202' title='bbox 1218 4192 1251 4245; x_wconf 88' lang='lat' dir='ltr'>B.</span> 
     </span>
    </p>
   </div>
   <div class='ocr_carea' id='block_1_9' title="bbox 0 0 2146 4890">
    <p class='ocr_par' dir='ltr' id='par_1_9' title="bbox 0 0 2146 4890">
     <span class='ocr_line' id='line_1_33' title="bbox 0 0 2146 4890; baseline 0 5"><span class='ocrx_word' id='word_1_203' title='bbox 0 0 2146 4890; x_wconf 95' lang='lat' dir='ltr'> </span> 
     </span>
    </p>
   </div>
  </div>
 </body>
</html>
