4282 4890
1430 58 1460 71 ι.
1544 40 1549 47 ’
1588 40 1629 73 ’Ἃ
1701 40 1750 61 Γ)
1773 40 1973 95 ¹?2('⁰“'·''d*·‘sr

666 206 783 256 :-
820 206 865 248 μ,
935 172 977 230 a·
1021 132 1176 243 {tto
1218 162 1366 241 boys
1407 129 1460 227 lm
1496 114 1952 288 0...,.,J.Cas-'pfe‚„

908 246 1155 306 cunonrcon
1175 243 1382 304 casamo!

297 462 426 515 Anulus
473 469 608 534 presens
634 459 668 515 et
696 456 810 533 posset
836 447 1069 513 communicati
1096 444 1218 511 laboris
1243 456 1277 511 et
1303 445 1460 529 ambigue
1485 443 1616 510 fortune
1640 438 1739 509 duras
1766 463 1826 509 seu

67 650 74 663 Ι
117 650 122 661 1
157 568 253 669 ly
295 556 427 660 ’rhe-pri-n-
473 570 590 635 molles
605 569 749 659 sarcinas
764 508 958 679 efflue&
968 569 1118 645 Proinde,
1131 568 1294 652 congestis
1312 568 1415 651 copiis
1432 587 1514 650 quas
1529 567 1647 633 habuit
1662 586 1774 632 secum
1791 565 1825 628 in

130 674 133 679 ’
298 661 446 712 ⁰fw³¹⁶⁸'
473 694 605 770 ducatu,
629 712 705 756 cum
726 684 911 756 intencione
932 700 1023 756 trans
1046 690 1219 755 Franciam
1243 688 1362 771 cupitis
1388 687 1507 752 osculis
1529 687 1674 771 paternis
1692 707 1830 792 Q

472 822 613 889 sentare,
643 811 734 878 venit
770 813 814 877 ad
852 812 1085 909 Brugeracum,
1115 810 1180 885 ubi,
1216 808 1415 875 certificatus
1452 809 1607 874 comitem
1643 807 1828 873 Arminiaei

496 932 617 999 oluisse
651 943 727 1018 post
757 933 827 998 eius
857 953 1021 998 recessum
1051 931 1193 1017 patriam
1225 929 1445 1014 depopulasse
1475 940 1509 995 et
1539 931 1582 994 ad
1611 928 1676 995 hoc
1707 929 1826 1023 milicia

300 1059 426 1109 Messores
473 1056 610 1139 eopiosa
629 1055 788 1138 stipatum
806 1075 866 1120 nec
886 1055 1074 1138 inparatum
1094 1052 1203 1133 fuisse,
1220 1052 1344 1117 remisit
1365 1053 1407 1117 ad
1430 1053 1535 1136 patrie
1553 1051 1695 1118 tutelam
1716 1072 1828 1116 senes·

299 1125 439 1241 {ffios
473 1175 594 1243 callum
609 1176 777 1242 Vasconie
799 1187 834 1242 et
856 1177 1028 1241 dominum
1052 1175 1258 1240 Bernardum
1282 1174 1325 1239 de
1348 1174 1494 1254 Libreto,
1511 1173 1667 1238 maiorem
1691 1193 1826 1257 quoque

299 1255 423 1320 dmony.
473 1295 764 1381 Burdegalensem,
787 1296 951 1382 simulque
973 1317 1049 1363 cum
1073 1296 1120 1361 eis
1145 1295 1230 1361 alios
1251 1295 1422 1361 Vascones
1449 1304 1483 1360 et
1506 1315 1663 1381 magnam
1685 1295 1827 1361 classem
1854 1240 2043 1373 Q

474 1426 679 1504 togatorum.
1544 1452 1561 1461 -
1659 1378 1802 1479 ,³⁸⁸-
1818 1415 1890 1501 uk

125 1620 152 1663 U
170 1529 194 1605 ··.'
286 1553 452 1674 *tchqndpptops
561 1541 696 1606 Exinde
711 1541 870 1623 processit
885 1540 1037 1624 princeps
1056 1540 1089 1604 in
1107 1539 1290 1620 Franciam‚
1306 1540 1450 1605 directus
1470 1450 1782 1624 pamfimo
1800 1539 1828 1617 i·
1860 1490 2104 1703 W

101 1694 125 1717 n»
300 1638 456 1804 ortqlnfiffiffi
475 1680 608 1728 censem
635 1672 669 1727 et
696 1661 905 1727 Bernensem.
951 1661 1047 1727 More
1073 1661 1151 1726 boni
1179 1661 1336 1757 {bibistis
1358 1681 1436 1726 suos
1457 1661 1655 1727 hortabatur
1676 1661 1829 1746 princeps

215 1764 218 1769 '
298 1753 325 1803 iu
365 1768 421 1805 ee
483 1744 535 1767 *¹
803 1760 806 1765 '

475 1803 707 1867 progressuros
728 1783 761 1846 in
783 1781 906 1861 hostes,
922 1803 988 1846 non
1007 1783 1148 1848 inermes
1168 1783 1283 1901 Q,
1299 1793 1350 1847 set
1372 1803 1510 1903 comora
1534 1783 1699 1885 corporeis
1721 1738 2053 1897 ποῖα-’μ’

350 1944 424 2015 ,μ
512 1903 599 1968 entis
621 1913 654 1969 et
675 1904 804 1968 animos
826 1903 1011 1999 penitencie
1031 1904 1219 1999 Eukaristie
1244 1925 1285 1969 ue
1299 1906 1521 1995 ‘sacramentis
1544 1904 1591 1970 ita
1613 1905 1771 1979 decorari,
1793 1913 1830 1969 ut
1914 1894 2025 2081 ,ΐ-

277 1904 329 2194 h(
354 2008 422 2145 ‚pf
494 2033 590 2089 ontra
621 2045 656 2089 re
680 2046 699 2088 e
725 2045 759 2089 es
789 2044 877 2109 regie
906 2045 981 2109 paci
1037 2025 1200 2090 rmrcaturi
1227 2026 1334 2110 parati
1359 2026 1474 2102 forent,
1501 2025 1628 2091 honore
1654 2024 1830 2279 twmli

1957 1724 1968 1741 Ι.

497 2143 623 2211 iventes
648 2155 683 2210 et
710 2145 1056 2237 QQ11„!1„1,QF1231,‡9‚8
1082 2155 1118 2211 at
1148 2148 1327 2230 utrobique
1351 2147 1520 2212 vincentes
1546 2147 1699 2231 premiari
1791 2166 1829 2211 ec

475 2263 675 2351 pretermisit
697 2274 786 2332 artes
807 2265 979 2351 prudentis
999 2267 1217 2363 imperqtqris,
1233 2268 1324 2332 cuius
1344 2268 1445 2333 refert
1465 2268 1576 2333 exitus
1595 2287 1703 2332 rerum
1723 2268 1830 2355 metiri
1861 2263 1903 2323 7¹²¹
1920 2268 1935 2313 ἕ
1948 2294 1964 2305 ··
1978 2266 2015 2315 4³
2085 2282 2091 2293 '

473 2397 508 2452 et
538 2403 713 2470 precavere
739 2387 882 2471 pericula
907 2408 1063 2467 suorum;
1093 2398 1153 2467 set.
1176 2390 1344 2473 premissis
1371 2389 1551 2454 illustribus
1573 2389 1652 2454 viris
1676 2388 1828 2453 Iohanne
1953 2478 1958 2487 ι

477 2505 666 2586 chaundos,
696 2508 821 2574 Iacobo
853 2507 1037 2592 Dawdelye
1067 2519 1100 2576 et
1131 2530 1247 2592 eorum
1277 2509 1497 2595 complicibus
1528 2510 1561 2574 in
1589 2518 1662 2575 arte
1691 2511 1832 2603 tirgqica
1864 2521 1906 2591 qr·
1963 2522 1999 2561 1'
2076 2544 2096 2611 -Ι

475 2628 674 2695 sufficienter
687 2631 843 2714 expertis,
857 2630 901 2694 ad
917 2630 1228 2715 discooperiendum
1244 2626 1370 2697 statum
1386 2633 1492 2716 patrie
1507 2630 1646 2710 hostilis,
1662 2650 1704 2695 ne
1721 2630 1831 2695 forsan

475 2749 593 2815 insidie
609 2750 856 2816 inboscatorum
873 2753 994 2817 nostris
1010 2752 1185 2837 inprovisis
1201 2763 1336 2837 repente
1352 2753 1589 2837 prosiluissent,
1605 2752 1831 2843 ipse-curavit,

476 2873 661 2955 prospectis
688 2872 868 2951 itineribus,
891 2872 1014 2938 cotidie
1041 2894 1174 2939 movere
1199 2883 1316 2955 castra,
1339 2896 1399 2939 nec
1426 2873 1522 2939 aliter
1544 2870 1645 2958 quarn
1668 2873 1696 2938 si
1718 2866 1842 2960 hostes,

378 3084 391 3095 Ι.
476 2991 648 3056 affuissent
673 2993 716 3057 de
742 3002 839 3058 noete
867 2994 1002 3068 munire,
1024 2993 1153 3078 vigilias
1179 2994 1322 3060 solicitas
1348 2995 1557 3073 constituere,
1580 3002 1614 3059 et
1640 3016 1697 3060 eas
1722 2995 1830 3079 ipsum
1912 3084 1923 3098 ἢ
2077 3049 2096 3119 3

259 3108 282 3173 ί,
300 3144 306 3162 ·
324 3154 358 3181 u
395 3096 413 3157 'v'
477 3110 718 3175 valencioribus
756 3114 991 3178 comitantibus
1028 3114 1172 3219 circuire,
1202 3117 1419 3220 prpcpqepcia
1445 3137 1525 3181 vero
1562 3118 1763 3200 quandoque
1797 3117 1831 3180 in
1849 3081 1880 3173 ir
1910 3103 2087 3213 lfffi'ss*

477 3229 601 3314 primis,
616 3230 698 3296 alias
720 3233 753 3296 in
774 3235 960 3317 postremis,
975 3245 1009 3300 et
1031 3206 1268 3320 nonnunquam
1290 3238 1503 3302 intermedius
1517 3238 1660 3313 visitare,
1675 3257 1717 3302 ne
1738 3238 1831 3320 quic·

477 3373 579 3437 quam
616 3353 842 3418 inordinatum
880 3354 1026 3438 periculo
1063 3369 1204 3440 pateret.
1260 3359 1432 3442 Siquidem
1471 3360 1617 3444 ingresso
1650 3359 1830 3424 Pictaviam

82 3558 88 3567 .
148 3556 163 3588 ἰ
479 3472 674 3539 nunciarunt
694 3473 924 3560 exploratores
947 3479 1037 3561 quod
1060 3491 1236 3545 coronatus
1260 3481 1419 3546 adunavit
1442 3481 1627 3546 exercitum
1650 3480 1831 3565 copiosum,

89 3596 94 3605 '
479 3616 613 3680 presens
627 3597 716 3681 apud
730 3596 960 3695 quianum
975 3619 1075 3682 quem
1092 3621 1158 3664 non
1171 3599 1290 3667 lateret
1309 3602 1465 3687 principis
1485 3603 1656 3676 adventus,
1671 3611 1709 3667 ut
1725 3602 1833 3685 patuit

415 3694 423 3717 ’
479 3684 984 3802 ᾶεᾱῑαεϊαἬΜΞῶΡε
1018 3721 1238 3806 discooperire
1268 3724 1453 3787 exercitum
1483 3732 1634 3787 nostrum
1662 3721 1830 3786 valentem

482 3840 662 3921 quemdam
678 3839 735 3922 qui
756 3839 939 3905 vocabatur
987 3840 1089 3905 riseus
1113 3841 1211 3907 Muto
1232 3843 1276 3908 de
1298 3842 1463 3921 Chambli,
1478 3843 1659 3928 prefectum
1675 3842 1833 3908 comitive

302 3982 328 4033 A
340 3975 465 4032 nimuh.
484 3959 701 4024 ducentorum
717 3971 916 4046 togatorum,
933 3962 1051 4045 quibus
1067 3983 1182 4028 manus
1201 3973 1407 4029 conserentes
1426 3965 1529 4029 nostri
1551 3965 1833 4048 discooperatores

482 4090 640 4165 ceperunt
656 4103 700 4147 ex
716 4082 762 4146 eis
780 4102 865 4146 xxx.
879 4081 998 4148 milites
1015 4093 1048 4148 et
1062 4084 1265 4176 VQCPJOE»
1275 4085 1348 4151 aliis
1363 4087 1410 4151 ita
1425 4085 1521 4169 plene
1535 4086 1653 4152 deletis
1668 4086 1758 4170 quod
1774 4106 1835 4169 per

480 4202 608 4269 nullum
635 4224 747 4270 eorum
774 4213 908 4291 poterat
934 4204 1001 4276 suis
1032 4206 1211 4273 renuntiari
1242 4208 1323 4293 quid
1354 4208 1468 4275 fuisset
1498 4208 1541 4274 de
1571 4207 1667 4275 sociis
1695 4207 1832 4274 factum.
