4282 4890
459 299 521 370 150
891 293 1137 351 CHRONICON
1156 293 1362 350 GALFRIDI

282 500 439 551 A·1>··18⁸⁶
457 494 558 563 armis
598 493 750 561 invasivis
780 493 936 559 virilitate
972 514 1050 558 seva
1081 492 1263 567 confractis,
1297 493 1434 557 tandem
1472 493 1684 560 multitudine
1721 495 1810 561 solus
1836 574 1856 611 Λ
1874 540 1905 611 j
1924 550 1944 589 a„
1974 498 1990 561 ''.
2004 520 2030 545 ··³
2045 492 2053 535 ἱ
2064 486 2072 507 ‘

312 590 412 607 ’-
457 618 608 703 stipatus,
624 617 735 683 orride
752 617 882 682 saucius
896 636 935 681 ac
950 615 1044 680 vivus
1061 626 1185 699 raptus,
1200 613 1310 706 precio
1326 614 1441 719 pfllffljp
1457 627 1640 683 reservatus
1653 628 1713 683 est.
1828 616 1860 635 '''

547 739 682 803 Interim
712 740 816 804 nostri
846 758 923 803 suos
946 738 1119 802 wlneratos
1148 737 1211 802 sub
1241 736 1351 800 dumis
1374 745 1408 801 et
1430 738 1565 822 sepibus
1588 760 1655 823 app
1669 742 1810 819 rcabant,
1838 700 1903 819 ἐς·
1924 706 2003 801 s·
2007 744 2056 785 «’“’

455 860 513 926 alii
536 859 667 927 lanceas
688 870 792 944 atque
815 879 996 959 mucrones,
1020 860 1087 924 suis
1106 858 1488 944 muts-itisintegriores,
1510 880 1530 924 a
1553 860 1689 928 devictis
1712 883 1809 947 rapu·
1847 890 1871 945 g
1884 892 1939 923 -nr
2006 882 2013 905 ι

457 991 561 1060 erunt,
573 991 607 1047 et
618 983 860 1048 architenenses
874 992 1026 1048 extraere
1041 981 1179 1066 sagittas
1194 1002 1214 1046 a
1230 981 1419 1046 miserrimis
1430 981 1594 1048 semivivis
1606 982 1809 1050 festinarunt.

458 1105 537 1170 Non
559 1114 629 1169 erat
655 1104 773 1187 aliquis
800 1125 866 1169 non
888 1104 1064 1169 wlneratus
1086 1112 1145 1169 aut
1167 1103 1292 1168 eximio
1315 1103 1429 1169 labore
1452 1103 1566 1184 lessus,
1588 1105 1708 1171 demtis
1730 1107 1808 1172 solis
1819 1142 1956 1215 st)

457 1226 714 1311 quadringentis,
750 1226 809 1308 qui
852 1225 977 1290 vexillo
1013 1223 1185 1308 principali
1226 1224 1479 1301 subservierunt,
1517 1226 1561 1290 ad
1605 1227 1808 1293 obviandum

457 1356 617 1415 coronato
639 1367 763 1430 sueque
786 1347 906 1412 milicie
928 1346 1093 1412 reservati

545 1469 679 1535 Delfino
693 1469 805 1534 taliter
819 1467 1005 1553 profugato,
1021 1467 1157 1550 quidam
1173 1465 1282 1550 campi
1298 1467 1541 1552 contemplator
1556 1469 1599 1534 ad
1615 1481 1808 1536 coronatum

456 1590 556 1667 venit,
579 1591 626 1656 ita
655 1592 784 1656 dicens:
817 1591 989 1665 ‘Domine
1011 1609 1148 1673 campus
1169 1587 1321 1672 Anglicis
1350 1589 1456 1663 cessit,
1478 1601 1512 1655 et
1535 1591 1690 1656 dominus
1716 1613 1809 1658 meus

393 1762 397 1767 -
456 1723 564 1779 vester
585 1712 825 1798 primogenitus
847 1732 884 1776 se
905 1707 1065 1777 retraxit?
1110 1710 1172 1777 Cui
1198 1709 1409 1792 respondens,
1431 1721 1606 1777 coronatus
1629 1713 1808 1778 inviolabili

458 1856 519 1900 suo
548 1845 753 1900 sacramento
784 1832 904 1898 iuravit
932 1834 1024 1916 quod
1053 1852 1118 1896 non
1150 1829 1207 1895 illo
1236 1831 1290 1895 die
1319 1831 1403 1895 soret
1425 1851 1580 1916 campum
1610 1835 1809 1910 deserturus,

459 1955 520 2020 nisi
553 1966 670 2039 captus
700 1954 753 2018 vel
786 1954 912 2019 occisus
943 1966 976 2017 et
1014 1954 1060 2018 ita
1096 1951 1257 2016 violenter
1294 1952 1466 2017 abductus.
1525 1953 1617 2038 Ergo
1655 1956 1809 2022 iubentur

458 2076 620 2142 vexillarii
650 2076 836 2159 procedere,
859 2093 943 2157 quos
972 2074 1147 2146 subsecuta
1176 2092 1353 2137 numerosa
1378 2073 1476 2138 nimis
1498 2087 1626 2140 armata
1649 2098 1766 2143 manus
1788 2101 1809 2143 a

372 2194 378 2207 '
457 2197 543 2264 valle
565 2198 721 2262 secedens
744 2196 776 2259 in
799 2215 919 2279 campo
948 2194 1100 2278 spacioso
1124 2195 1243 2260 nostris
1266 2194 1439 2293 (Μῶμε
1460 2217 1496 2261 se
1518 2199 1740 2290 ριεεειιῖανίςς
1775 2208 1809 2265 et
1825 2250 1831 2275 ι
1847 2192 1997 2273 2·,.›3‚1,..'..2

457 2319 592 2385 incussit
621 2317 889 2402 desperacionem
919 2316 1068 2382 vincendi
1102 2315 1134 2379 in
1157 2325 1286 2380 tantum
1316 2316 1406 2399 quod
1433 2316 1568 2400 quidam
1592 2338 1710 2402 magne
1731 2341 1809 2404 pro·
1961 2298 1967 2315 ’

458 2685 612 2768 princeps
644 2684 691 2748 sic
721 2680 976 2785 redarguebatt.
999 2675 1200 2757 ‘Mentiris’
1211 2679 1359 2762 inqu1t‚‘
1369 2680 1513 2764 pessime
1541 2700 1665 2758 vecors,
1695 2682 1723 2746 si
1754 2703 1809 2751 mo
1888 2664 1901 2677 h

351 2880 357 2892 ι
457 2806 569 2870 vivum
600 2825 698 2890 posse
727 2803 813 2869 vinci
845 2779 1068 2868 blasfemeris!
1112 2801 1191 2866 Non
1222 2799 1293 2866 sola
1323 2811 1454 2866 nostros
1485 2799 1664 2867 multitudo
1692 2804 1809 2869 terruit

457 2925 598 3000 hostilis,
621 2935 671 2991 set
693 2923 916 2991 consideracio
945 2933 1058 2988 nostre
1085 2921 1250 2989 facultatis
1279 2921 1471 2987 notabiliter
1500 2923 1657 3007 peiorate.
1721 2923 1808 2990 Cum

419 3049 425 3063 '
457 3048 522 3112 hoc
552 3046 639 3112 enim
673 3048 764 3129 quod
796 3043 892 3109 multi
918 3047 961 3110 de
983 3045 1103 3135 nostris
1126 3044 1264 3109 sauciati
1295 3044 1480 3109 necessario
1502 3044 1665 3109 vacabant
1687 3068 1707 3111 a
1729 3066 1807 3111 con·

457 3168 559 3244 flictu,
583 3167 683 3232 ceteri
705 3166 771 3232 lere
794 3166 903 3258 cuncti
926 3165 1057 3231 luerunt
1078 3165 1175 3229 nimis
1193 3165 1323 3249 fatigati
1345 3174 1379 3229 et
1397 3165 1556 3250 sagittarii
1573 3166 1710 3249 sagittas
1731 3187 1808 3232 suas

457 3289 732 3374 expendiderunt.
779 3286 932 3351 Preterea
947 3286 1139 3370 capitaneus
1153 3286 1196 3350 de
1211 3285 1242 3350 la
1262 3285 1401 3363 Busche,
1416 3287 1467 3350 vir
1482 3287 1604 3351 eximie
1624 3288 1808 3370 probitatis,

459 3420 495 3476 ut
518 3410 661 3495 primum
679 3408 763 3473 vidit
781 3407 1029 3493 progrediencia
1051 3417 1179 3513 Q
1181 3408 1339 3482 coronati,
1359 3408 1463 3492 petita
1485 3408 1640 3492 principis
1661 3408 1808 3507 licencia,

459 3532 592 3597 recessit
614 3551 690 3597 curn
713 3530 890 3614 sexaginta
911 3529 1035 3613 togatis
1064 3538 1099 3594 et
1121 3549 1148 3594 c.
1167 3530 1358 3613 sagittariis,
1380 3550 1479 3613 quern
1503 3529 1545 3594 de
1567 3530 1689 3594 nostris
1711 3528 1808 3595 multi

457 3662 618 3739 putarunt
647 3641 822 3745 abfugisse.
884 3649 936 3716 Ea
964 3661 1101 3735 propter
1129 3651 1243 3730 nostri,
1265 3652 1404 3716 ducibus
1426 3650 1583 3734 exceptis,
1605 3650 1649 3714 de
1670 3650 1808 3716 victoria

117 3704 244 3893 i
270 3729 362 3899 i*
456 3777 677 3860 desperantes,
699 3772 1231 3869 qumosmmendarunt,
1244 3782 1287 3848 et,
1308 3772 1412 3836 vitam
1441 3771 1537 3854 quasi
1558 3769 1639 3834 nihil
1661 3772 1808 3855 appreci-

73 3808 236 4003 iffi
282 3909 402 3962 Advenoe
458 3908 560 3974 antes,
583 3895 692 3962 solum
714 3895 905 3979 cogitabant
927 3915 969 3959 ne
991 3904 1196 3959 morerentur
1218 3891 1279 3959 soli
1301 3891 1354 3957 vel
1377 3892 1482 3957 inulti.
1539 3893 1634 4076 {unc
1657 3892 1809 4031 Erinceps
1995 3911 2000 3919 ·

282 3977 409 4158 {albazal
458 4019 576 4119 iussit
585 4037 683 4084 suum
716 4015 917 4103 signiferum,
950 3995 1353 4114 dominu-mAEalterum
1371 4014 1414 4078 de
1446 4011 1555 4078 Wode
1568 4032 1610 4077 on

186 4040 236 4189 i*
317 4107 377 4159 ²¹⁸⁸*
457 4094 591 4253 hostilia
577 4098 1004 4224 agrum&
1026 4157 1102 4204 cum
1125 4034 2032 4233 paucissii'sffifffflwl

558 4244 831 4278 ‘snt-'Nm
1349 4230 1465 4253 ““””“··-..
1470 4236 1757 4270 „ququam-«nna...

458 4244 631 4329 exercitur
640 4280 760 4346 magno
782 4248 941 4327 coronati
967 4240 1079 4326 ilico
1085 4242 1260 4361 'classica
1249 4234 1439 4334 sonuerunt,
1461 4276 1538 4321 nam
1561 4256 1642 4322 tube
1663 4253 1752 4321 lituis
1774 4266 1808 4321 et

445 4365 1016 4419 ἭἫ

1060 4431 1179 4517 114,Ι
1238 4446 1243 4495 ,·
