4282 4890
462 290 522 355 172
869 278 1175 336 CHRONICULUM
1199 276 1404 334 GALFRIDI

458 481 501 545 de
516 479 686 544 Aldeham
707 481 797 562 apud
813 478 1072 562 Wyndesouere.
1129 479 1294 544 Dominus
1314 478 1464 545 Thomas
1481 478 1666 563 Colepeper
1688 490 1813 545 tractus

458 611 528 666 erat
544 611 577 665 et
592 620 771 682 suspensus
787 600 875 683 apud
892 600 1101 683 Wynchelse.
1148 600 1313 665 Dominus
1338 601 1489 684 Rogerus
1505 602 1547 666 de
1567 600 1704 665 Mortuo
1720 602 1813 678 mari,

458 723 567 787 senior
588 732 621 786 et
646 722 762 797 iunior,
779 721 959 786 Mauricius
984 722 1027 785 de
1055 720 1192 786 Berkele
1215 721 1333 797 senior,
1350 721 1515 786 Iohannes
1538 720 1580 786 de
1604 720 1813 799 Charletone,

461 842 628 907 Robertus
649 843 692 906 de
717 812 1361 924 Hom&
1385 842 1511 906 domini
1535 843 1630 926 regis,
1653 843 1710 924 qui
1732 841 1814 907 locis

458 959 612 1027 diversis¹
625 963 746 1027 carceri
759 972 853 1027 erant
870 963 1059 1046 mancipati.
1099 963 1236 1028 Domini
1251 963 1414 1027 Iohannes
1428 964 1471 1026 de
1488 963 1681 1041 Boutetour,
1694 962 1813 1026 Iohan-

459 1104 517 1147 nes
539 1084 582 1146 de
605 1083 836 1166 Kyngestune,
853 1083 1037 1147 Nicholaus
1053 1081 1096 1147 de
1112 1082 1226 1165 Percy,
1244 1084 1409 1147 Iohannes
1426 1083 1635 1148 Mautravers
1651 1083 1765 1157 iunior,
1780 1092 1814 1147 et

459 1202 788 1268 WillelmusTrossel
801 1205 999 1268 transierunt
1013 1225 1113 1268 mare.
1147 1204 1284 1268 Domini
1296 1204 1351 1267 liu
1377 1204 1421 1268 ho
1433 1206 1476 1270 de
1488 1204 1521 1267 A
1570 1203 1621 1269 ele
1631 1205 1748 1281 iunior,
1761 1204 1814 1269 10·

459 1325 584 1390 hannes
600 1326 643 1389 de
654 1324 881 1409 Wylingtone,
896 1325 1085 1389 Gilebertus
1100 1324 1254 1402 Talebot‚
1269 1325 1434 1390 Iohannes
1451 1326 1603 1403 Maudut‚
1617 1326 1815 1390 Edmundus

462 1445 623 1523 Haclude,
634 1438 799 1510 Iohannes
808 1446 850 1509 de
860 1446 961 1530 Sapy,
972 1446 1142 1511 Robertus
1154 1447 1196 1511 de
1202 1446 1409 1522 Watheville,
1420 1446 1592 1530 Philippus
1601 1448 1643 1511 de
1653 1446 1684 1510 la
1697 1447 1815 1522 Beche,

461 1567 626 1631 Iohannes
642 1567 684 1630 de
705 1565 824 1643 Beeke‚
842 1566 1007 1631 Henricus
1025 1568 1068 1630 de
1090 1565 1298 1630 Laibourne:
1323 1567 1377 1632 isti
1401 1568 1526 1643 decem,
1542 1588 1618 1632 cum
1640 1567 1815 1650 sexaginta

459 1688 590 1751 duobus
605 1685 679 1750 aliis
695 1688 865 1765 militibus,
880 1696 957 1751 sunt
975 1688 1007 1750 in
1024 1688 1160 1751 diversis
1177 1687 1257 1751 locis
1273 1687 1393 1752 carceri
1410 1688 1599 1770 mancipati.
1659 1686 1768 1768 xxvj.²

548 1820 750 1871 mcccxxv.
820 1808 965 1872 Domina
1060 1807 1155 1887 bella,
1192 1808 1397 1872 nobilissima
1434 1830 1449 1872 r
1494 1810 1547 1872 ina
1577 1806 1710 1892 Anglie‚
1740 1828 1814 1872 cum

460 1927 595 1992 domino
620 1929 787 1993 Edwardo
859 1949 1010 2012 osuo,p
1224 1950 1260 1993 er
1306 1928 1454 1993 'ominum
1534 1940 1645 1992 war'u
1704 1948 1816 2012 regem

460 2049 593 2131 Anglie,
609 2049 763 2113 maritum
779 2068 885 2126 suum,
900 2060 933 2113 et
950 2070 1061 2132 regem
1080 2050 1217 2115 Francie
1239 2049 1458 2128 reformanda,
1471 2051 1503 2113 in
1520 2049 1693 2114 Franciam
1709 2059 1816 2114 trans-

458 2169 600 2234 fretavit.
646 2169 692 2233 Et
707 2190 794 2234 anno
810 2171 965 2253 proximo
981 2181 1149 2252 sequente,
1164 2191 1239 2236 curn
1255 2171 1399 2234 dominis
1416 2171 1562 2235 Iohanne
1582 2171 1625 2235 de
1642 2170 1816 2246 Henoude,

461 2290 596 2374 Rogero
620 2291 663 2355 de
687 2290 825 2355 Mortuo
856 2292 948 2366 mari,
976 2302 1008 2355 et
1033 2311 1153 2374 magna
1177 2290 1389 2356 multitudine
1406 2290 1594 2375 Anglorum
1619 2303 1652 2356 et
1676 2291 1816 2355 Hanou-

461 2413 589 2489 dorum,
605 2413 923 2510 ΜΞ
925 2413 964 2499 in
987 2411 1147 2496 Angliam
1171 2412 1341 2496 applicuit.
1388 2413 1434 2476 Et
1458 2414 1576 2477 eodem
1602 2433 1689 2476 anno
1713 2413 1817 2496 Hugo

462 2532 689 2616 Dispensator‚
712 2553 823 2597 comes
846 2532 1037 2615 Wyntonie,
1053 2534 1142 2617 apud
1167 2531 1380 2607 Bristolliam,
1404 2543 1436 2596 ct
1462 2533 1565 2617 Hugo
1588 2533 1817 2616 Dispensator‚

461 2651 548 2717 filius
571 2654 649 2731 eius,
666 2653 755 2737 apud
780 2653 1021 2731 Herefordiam,
1044 2674 1119 2718 cum
1143 2653 1293 2736 Symone
1316 2654 1358 2717 de
1382 2654 1526 2737 Rading,
1548 2654 1646 2718 tracti
1669 2663 1761 2717 erant
1783 2664 1817 2718 et

463 2775 622 2857 suspensi.
685 2774 730 2839 Et
753 2774 906 2839 dominus
930 2774 1127 2839 Edmundus
1149 2795 1261 2840 comes
1283 2775 1325 2838 de
1348 2774 1509 2852 Arundel,
1532 2773 1622 2857 apud
1647 2772 1816 2858 Salopiam

461 2905 535 2960 erat
550 2905 677 2979 captus,
693 2907 725 2959 et
741 2896 830 2979 apud
848 2895 1080 2960 Herelordiam
1097 2896 1289 2961 decollatus.
1658 2891 1773 2979 [xxii]

552 3015 765 3097 M.ccc.xxvj.
812 3016 977 3080 Dominus
1001 3017 1186 3082 Edwardus
1206 3028 1283 3099 post
1304 3026 1521 3100 conquestum
1543 3017 1706 3081 secundus
1725 3034 1818 3079 coro-

463 3158 540 3201 nam
556 3137 647 3220 regni
670 3137 807 3200 domino
825 3137 1002 3215 Eduardo,
1019 3137 1087 3202 filio
1106 3160 1166 3202 suo
1182 3139 1412 3222 primogenito,
1428 3136 1518 3220 apud
1535 3136 1749 3200 Kenelwrthe
1768 3157 1818 3200 re-

462 3257 613 3340 signavit.
660 3256 705 3321 Et
726 3257 844 3320 eodem
861 3277 956 3335 anno,
972 3258 1026 3323 die
1047 3280 1106 3321 xx.
1124 3258 1339 3343 Septembris,
1356 3260 1445 3353 aupd
1468 3257 1673 3345 Eerlceleiem
1695 3256 1818 3322 inlata

462 3379 624 3458 decessit3
648 3390 682 3443 et
703 3379 793 3462 apud
817 3377 1057 3444 Gloucestriam
1079 3380 1113 3442 in
1133 3378 1270 3444 ecclesia
1288 3378 1495 3445 conventuali
1510 3380 1614 3444 sancti
1631 3378 1728 3454 Petri,
1745 3377 1818 3460 xxj.

462 3503 516 3568 die
533 3501 735 3576 Decembris,
776 3500 869 3564 onor'
1027 3502 1034 3515 ‘
1241 3522 1283 3565 re.
1324 3502 1454 3566 Eodem
1470 3521 1546 3565 vero
1561 3520 1649 3564 anno
1664 3498 1818 3563 dommus

458 3588 747 3706 Μ
771 3643 857 3705 conq
881 3642 988 3686 esum
1028 3642 1142 3699 ercrus,
1169 3632 1271 3686 tercio
1302 3623 1357 3687 die
1391 3621 1569 3698 Februarii,
1592 3622 1681 3705 apud
1710 3619 1818 3685 West·

464 3745 697 3810 monasterium
721 3754 791 3808 erat
813 3753 999 3808 coronatus
1702 3741 1774 3823 xxj.

550 3867 769 3930 mcccxxix.
821 3866 987 3930 Dominus
1018 3865 1215 3929 Edmundus
1245 3866 1286 3928 de
1309 3863 1523 3940 Wodestoke,
1546 3883 1657 3927 comes
1688 3861 1818 3940 Cancie,

462 3987 552 4071 apud
568 3984 785 4070 Wyntoniam
802 3986 863 4051 luit
879 3986 1071 4052 decollatus.
1117 3987 1284 4051 Dominus
1301 3986 1455 4068 Rogerus
1476 3985 1518 4048 de
1536 3983 1670 4048 Mortuo
1687 3983 1768 4048 mari
1786 3994 1818 4048 et

464 4107 594 4192 Symon
610 4109 652 4173 de
669 4107 826 4173 Berelord
842 4109 932 4191 apud
949 4109 1141 4174 Londonias
1153 4116 1245 4172 erant
1261 4106 1358 4170 tracti
1374 4115 1407 4168 et
1423 4105 1582 4188 suspensi.
1683 4105 1775 4186 xviij.

794 4243 802 4277 ¹
822 4245 932 4301 diversi.
953 4248 984 4300 B.
1256 4241 1449 4314 ’Mr'splaced
1470 4244 1501 4296 B.
