4282 4890
454 275 495 338 62
900 229 1145 335 clinomcoiv
1165 275 1370 333 GALFRJDJ

277 500 433 551 nutans.
453 481 550 546 nonie
568 488 601 545 et
619 480 702 545 alios
722 488 893 562 magnates
913 477 1042 543 illarum
1063 478 1220 562 parcium,
1238 477 1295 561 qui
1318 496 1433 542 omnes
1455 473 1540 541 sibi¹
1559 474 1752 542 fidelitatem
1773 485 1806 541 et

277 630 381 695 Negoti·
453 612 616 668 armatam
633 601 823 667 comitivam
839 610 954 665 contra
969 618 1194 682 quoscumque
1204 619 1282 664 suos
1294 596 1499 663 adversarios
1511 599 1807 682 compromiserunt

277 698 359 746 ations
373 695 405 744 wi

276 761 320 811 the
406 693 434 744 th
452 725 515 788 sub
538 723 692 788 iuratoria
718 722 884 816 capcione,
911 721 991 785 dum
1017 730 1128 785 tamen
1151 720 1218 784 suis
1235 719 1408 831 stiffindiis
1430 719 1609 783 militarent
1618 709 1807 817 &Postea
1916 785 1935 806 Λ

277 840 396 892 emperor.
453 864 515 909 rex
532 842 705 907 Coloniam
723 842 836 920 adivit,
852 841 907 905 ubi
923 861 997 905 cum
1014 838 1193 906 Ludowico
1208 841 1291 905 duce
1309 840 1456 917 Bavarre,
1472 840 1578 922 quise
1593 840 1680 904 dixit
1696 859 1806 922 regem
1826 824 1882 949 ff>
1901 781 2084 952 Q

452 963 653 1028 Alemannie
670 973 704 1027 et
720 963 952 1047 imperatorem
974 962 1213 1040 Romanorum,
1227 960 1344 1026 habito
1366 928 1827 1039 tractaffredllt'ffiffan'?

308 1094 401 1143 uno.
447 1038 1379 1163 ffiffiffidtempus
1425 1077 1549 1141 Iterum
1568 1098 1643 1142 cum
1658 1077 1807 1182 predicto
1852 1024 1887 1153 l)

454 1199 1180 1301 memmtque,
1202 1199 1353 1264 amicicia
1374 1198 1458 1262 inter
1473 1194 1587 1280 ipsos⁴
1603 1198 1806 1276 confirmata,
1869 1193 1889 1227 ⁶

454 1323 550 1388 rediit
565 1324 608 1387 ad
630 1319 793 1386 Malines⁶
817 1322 850 1385 in
877 1322 1071 1387 Brabancia.
1118 1318 1310 1385 Cardinales
1334 1341 1412 1384 vero
1437 1330 1472 1384 et
1489 1319 1646 1404 episcopi.
1662 1319 1807 1385 Cantua·

453 1443 567 1508 riensis
603 1453 636 1507 et
675 1442 916 1521 Dunelmensis,
949 1442 1067 1508 reversi
1099 1444 1142 1507 de
1172 1442 1339 1524 presencia
1375 1440 1496 1505 tiranni
1529 1440 1739 1517 Francorum,
1774 1441 1807 1504 in

455 1566 589 1630 civitate
604 1563 847 1657 Atrabatensi⁰
866 1584 977 1647 regem
995 1556 1300 1681 expectatum.»
1359 1552 1365 1607 l

280 1695 399 1746 Grantot
542 1686 612 1750 Isto
633 1706 730 1763 anno,
746 1686 778 1748 in
795 1687 940 1768 quodam
960 1685 1099 1750 concilio
1118 1706 1176 1768 per
1197 1685 1314 1749 ducem
1331 1654 1497 1749 Comubie
1519 1683 1611 1768 regni
1634 1685 1807 1750 custodem
1848 1666 1852 1673 ¹

277 1761 354 1822 wool,
368 1759 419 1810 and
1135 1760 1597 1821 ..sm-ssf-fws-x---w
1606 1770 1677 1820 ”1

280 1827 333 1876 ota
344 1825 421 1877 tenth.
454 1817 488 1871 et
500 1806 643 1891 prelatos
658 1816 691 1871 et
703 1804 860 1871 barones⁷
876 1803 1087 1885 convocato⁸,
1103 1825 1256 1871 concessa
1275 1805 1335 1869 furt
1350 1827 1418 1889 regn
1433 1806 1509 1870 lana
1525 1806 1733 1890 populanum
1750 1827 1808 1890 per

455 1928 584 2010 eosqui
604 1927 734 1991 suerunt
753 1927 798 1991 ibi
819 1937 995 2010 presentes.
1042 1927 1241 2010 Iterumque,
1256 1924 1344 1991 clero
1367 1937 1446 1992 tunc
1467 1926 1603 1991 absente
1621 1914 1808 1991 coadunato

454 2049 498 2113 ad
518 2048 660 2131 primum
684 2048 773 2112 diem
796 2048 915 2112 mensis
938 2047 1102 2126 Octobris,
1117 2056 1346 2113 concesserunt
1368 2046 1576 2111 ecclesiastici
1599 2067 1699 2111 unam
1720 2047 1808 2111 deci·

237 2208 243 2221 ·
456 2190 544 2233 mam
576 2190 637 2252 pro
667 2189 754 2233 anno
783 2168 885 2233 tercio
918 2179 997 2234 tuuc
1023 2178 1191 2251 sequente,
1217 2179 1267 2233 set
1296 2168 1498 2233 solucionem
1528 2166 1685 2246 lanarum,
1707 2189 1807 2267 quam

330 2287 345 2311 f
372 2315 378 2327 ,
454 2287 632 2393 populares
654 2289 863 2389 prebuerunt,
885 2287 948 2372 ipsi
970 2287 1402 2393 unanimiter-tregaverunt.
1609 2302 1660 2387 pn
1686 2270 1832 2392 '029⁴'
1860 2318 1880 2371 ·,
1919 2305 1997 2425 5¹7

541 2409 643 2474 Anno
660 2411 797 2475 Domini
814 2409 1076 2489 M.ccc.xxxix.⁹,
1089 2422 1125 2476 ut
1141 2411 1336 2494 premissum
1348 2419 1407 2489 est,
1421 2429 1496 2474 cum
1511 2408 1649 2475 ducibus
1661 2408 1808 2487 Bavarie,

455 2531 646 2609 Brabancie‚
661 2541 695 2595 et
717 2530 790 2595 aliis
812 2529 925 2596 amicis
947 2530 1023 2609 suis,
1038 2550 1115 2614 rege
1132 2529 1255 2613 Anglie
1277 2532 1320 2597 de
1342 2530 1573 2614 prosecucione
1595 2531 1644 2594 sui
1665 2531 1743 2595 iuris
1764 2532 1808 2596 ad

66 2692 89 2722 ..
182 2724 186 2733 ⁸
228 2674 231 2679 ’
282 2682 298 2729 r,
456 2673 592 2735 regnum
617 2652 756 2717 Francie
775 2652 980 2736 disponente,
1003 2652 1151 2717 tirannus
1179 2652 1390 2730 Francorum,
1414 2651 1578 2717 maliciam
1604 2653 1705 2717 adiu
1732 2673 1809 2718 con·

369 2760 372 2771 ’
455 2782 587 2870 ceptam
616 2773 658 2836 de
691 2772 921 2857 exinanicione
950 2772 1043 2855 regni
1073 2772 1198 2855 Anglie
1231 2772 1403 2838 intendens
1433 2793 1596 2851 evomere,
1626 2775 1808 2838 conductos

458 2848 634 2974 Iaituenses
650 2893 773 2976 piratas
785 2893 932 2958 crudeles
948 2894 1036 2957 misit
1052 2914 1113 2977 pro
1124 2893 1256 2976 navigio
1268 2904 1301 2958 et
1313 2894 1474 2977 portubus
1487 2893 1610 2977 Anglie
1620 2895 1808 2972 vastandis;

456 3013 513 3096 qui
541 3013 573 3076 in
603 3024 701 3096 portu
728 3014 771 3076 de
801 3012 917 3079 Sclusa
943 3013 1098 3079 Flandrie
1120 3023 1277 3097 ceperunt
1298 3035 1329 3078 v.
1353 3034 1490 3098 magnas
1516 3035 1617 3078 naves
1640 3014 1734 3097 regis,
1758 3025 1808 3079 set

455 3153 575 3199 vacuas
590 3132 779 3198 hominibus
799 3142 833 3198 et
855 3134 1084 3213 mercimoniis,
1099 3135 1207 3199 nautis
1222 3134 1266 3199 ad
1286 3133 1410 3199 solacia
1431 3154 1543 3200 secure
1558 3135 1759 3210 vacantibus,
1774 3144 1809 3198 et

455 3276 512 3320 eas
535 3255 567 3317 in
597 3265 708 3338 partes
730 3254 936 3319 Normannie
968 3255 1187 3320 deduxerunt.
1241 3255 1338 3334 Item,
1364 3254 1444 3320 seria
1461 3254 1529 3337 vJ“.
1556 3255 1710 3339 proxima
1731 3265 1809 3339 post

457 3376 577 3440 festum
599 3375 704 3439 sancti
728 3374 909 3453 Michaelis,
931 3376 1170 3460 quinquaginta
1191 3375 1285 3461 galee
1306 3344 1550 3441 amatiiffie
1572 3376 1701 3460 stipate,
1724 3376 1809 3441 circa

283 3521 355 3586 They
366 3519 426 3571 sack
456 3497 574 3562 horam
593 3518 724 3575 nonam,
740 3498 783 3562 ad
803 3508 936 3582 portum
954 3498 1157 3581 Hamptonis
1166 3495 1191 3535 ¹⁰
1209 3497 1445 3582 applicuerunt,
1461 3509 1496 3563 et
1510 3497 1633 3577 villam,
1649 3520 1714 3582 que
1731 3509 1809 3563 tunc

282 3587 433 3706 ἔξω)
458 3639 524 3683 non
541 3618 601 3683 fuit
616 3628 754 3697 armata,
767 3619 1026 3702 depredaverunt
1040 3643 1049 3698 3
1071 3619 1199 3685 villanis
1214 3639 1273 3705 pre
1282 3619 1436 3685 vecordia
1450 3619 1526 3703 suge
1537 3618 1682 3704 dilapsis,
1698 3620 1760 3702 ipsi
1777 3620 1809 3683 in

457 3739 536 3805 villa
558 3749 801 3824 pernoctarunt.
847 3740 887 3805 In
909 3741 1053 3806 crastino
1075 3740 1184 3826 patria
1212 3742 1408 3820 coadunata,
1423 3761 1562 3806 numero
1587 3750 1809 3806 trecentorum

493 3876 504 3909 ¹
521 3893 575 3932 om.
595 3878 628 3933 C.
715 3874 727 3909 ²
746 3877 777 3933 C.
790 3876 880 3933 adds:
896 3886 924 3933 et
938 3876 975 3932 ibi
988 3877 1084 3949 regina
1095 3877 1202 3950 peperit
1216 3878 1379 3934 Leonellum
1391 3876 1524 3934 comitem
1537 3878 1572 3934 de
1586 3878 1745 3935 Holvestre.

493 3962 505 3996 ⁸
523 3965 560 4020 de
570 3965 738 4036 Andewarp.
751 3966 784 4021 C.
872 3963 883 3996 ⁴
901 3983 959 4022 eos.
979 3968 1010 4023 C.
1099 3962 1112 3998 ⁸
1126 3967 1169 4022 ad
1176 3964 1315 4037 Malr'rres]
1328 3966 1464 4037 protinus,
1475 3983 1546 4022 over
1555 3985 1594 4021 an
1605 3982 1728 4023 erasme.
1742 3968 1774 4023 C.

495 4050 506 4084 ⁸
523 4053 725 4109 Attrabatensi.
744 4054 777 4109 C.
1103 4051 1114 4082 '
1131 4054 1211 4111 Here
1221 4072 1241 4111 a
1252 4055 1347 4129 leasis
1358 4055 1534 4127 wantt'rrgr'n
1547 4055 1580 4112 C.

496 4139 507 4171 ⁸
524 4147 553 4195 et
563 4141 623 4196 bar.
635 4138 758 4212 contrua]
770 4150 925 4198 convocet
938 4142 996 4198 bar.
1015 4144 1049 4199 B.

497 4228 507 4260 ⁰
531 4229 588 4284 The
600 4229 635 4284 ix.
647 4230 684 4303 of
688 4230 746 4286 this
758 4230 822 4286 date
833 4230 859 4286 is
871 4231 966 4287 added
975 4231 1007 4303 by
1019 4249 1038 4286 a
1050 4230 1108 4288 late
1118 4228 1204 4288 hand
1222 4234 1255 4288 B.
1363 4229 1385 4264 ¹⁰
1404 4228 1554 4288 Hamonis.
1567 4233 1600 4287 B.
