4282 4890
61 2488 257 2933 Ml&

454 272 495 354 58
900 278 1144 336 ennomcolv
1167 279 1372 334 ananam!

280 491 434 540 annuus.
453 478 618 543 audebant
648 499 706 545 eos
737 487 922 563 expectare,
952 478 985 544 in
1015 479 1182 546 montibus
1214 490 1248 543 et
1278 478 1454 563 paludibus
1486 499 1525 544 ac
1555 480 1741 546 nemoribus
1771 500 1805 543 se

455 599 676 666 occultabant.

280 720 430 838 {hztfficfh
541 718 638 786 Post¹
660 720 913 806 parliamentum
936 719 1130 806 predictum,
1153 719 1262 785 nuncii
1285 720 1406 786 tiranni
1429 721 1641 801 Francorum,
1659 722 1809 786 videntes
1855 725 1861 735 “

280 920 380 969 Franee.
456 962 536 1026 mini
565 962 708 1046 Philippi
732 961 775 1026 de
796 962 939 1041 Valesio‚
961 962 1080 1045 quibus
1106 961 1370 1027 comminabatur
1395 962 1464 1046 regi
1490 963 1613 1047 Anglie
1637 963 1807 1028 inimicum

454 1080 508 1148 se²
538 1082 608 1148 sore
642 1083 796 1161 futurum,
831 1083 892 1148 nisi
927 1081 1104 1149 Scotorum
1137 1083 1211 1166 paci
1243 1083 1479 1166 adquiesceret,
1511 1085 1631 1149 reversi
1663 1096 1740 1149 sunt
1773 1086 1807 1149 in

456 1202 639 1280 Franciam,
654 1202 829 1268 reserentes
843 1223 926 1287 quas
945 1182 1078 1287 treugas
1098 1212 1131 1267 et
1147 1223 1245 1288 paces
1264 1205 1308 1268 ad
1326 1205 1377 1269 sui
1398 1205 1590 1269 instanciam
1608 1226 1668 1269 rex
1682 1204 1808 1289 Anglie

455 1342 531 1388 cum
558 1322 668 1389 Scotis
695 1325 728 1388 in
750 1325 800 1388 sui
823 1323 1034 1408 dispendium
1063 1323 1185 1407 pluries
1207 1326 1382 1403 contraxit,
1405 1335 1456 1391 set
1476 1336 1511 1391 et
1532 1326 1710 1408 quomodo,
1733 1347 1809 1390 suas

455 1444 566 1509 literas
582 1444 849 1511 comminatorias
868 1444 1118 1529 parvipendens,
1138 1455 1252 1510 contra
1273 1445 1403 1524 Scotos,
1417 1447 1543 1511 amicos
1562 1446 1662 1530 ipsius
1679 1447 1810 1522 tiranni,

455 1587 608 1651 guerram
630 1586 794 1631 resumere
816 1564 1018 1631 intendebat.
1064 1565 1365 1649 Congratulabatur
1386 1568 1533 1632 tirannus
1555 1568 1723 1645 nunciatis,
1743 1587 1810 1631 non

456 1688 665 1753 reminiscens
687 1698 875 1771 treugarum
898 1707 981 1770 quas
1003 1706 1064 1768 pro
1085 1686 1135 1750 sui
1156 1686 1268 1769 gracia
1290 1708 1351 1752 rex
1373 1687 1497 1772 Anglie
1520 1708 1595 1754 cum
1619 1687 1728 1753 Scotis
1746 1687 1809 1751 sibi

395 1854 403 1869 .
456 1808 685 1892 dispendiosas
704 1806 917 1884 confirmavit,
931 1816 992 1886 set,
1008 1806 1176 1870 ruminans
1198 1809 1289 1890 quod
1312 1830 1388 1873 suas
1411 1809 1520 1874 literas
1541 1809 1808 1874 comminatorias

457 1928 727 2014 parvipendebat,
749 1927 881 2020 gavisus
911 1939 961 1992 est
987 1927 1193 1992 occasionem
1219 1949 1255 1993 se
1279 1929 1440 1994 invenisse
1465 1929 1548 2013 qua²
1570 1939 1684 1996 contra
1713 1950 1809 1994 suurn

458 2048 735 2132 consanguineum
755 2058 789 2113 et
811 2047 901 2132 regni
925 2047 1070 2124 Francie,
1091 2048 1143 2113 cui
1164 2048 1319 2127 incubuit,
1337 2070 1451 2114 verum
1473 2050 1628 2115 heredem
1650 2048 1810 2114 vexillum

458 2168 619 2234 liliatum³
647 2178 759 2252 posset
793 2168 970 2252 explicare.
1015 2167 1153 2236 Inflatus
1182 2169 1281 2254 igitur
1309 2170 1458 2236 tirannus
1487 2170 1810 2284 ⁸BffQiu-‘9-slffil

282 2299 367 2366 Philip
458 2289 619 2374 superbie,
642 2289 818 2356 concitavit
842 2287 958 2355 Gallos
979 2298 1095 2356 contra
1115 2290 1296 2375 Anglicos;
1328 2293 1415 2357 unde
1437 2313 1552 2409 ἕως
1575 2292 1728 2355 terribilis
1751 2291 1811 2356 suit

282 2366 431 2418 determines
450 2376 647 2397 ·”“··“···-

284 2448 318 2482 on
328 2447 385 2482 war.
458 2410 624 2490 suscitata,
638 2430 740 2494 quam
762 2411 843 2534 iffi
861 2411 904 2475 de
926 2409 1030 2494 prelio
1051 2432 1094 2476 na
1117 2412 1221 2548 affl
1238 2413 1414 2497 campestri
1436 2411 1556 2493 pluries
1577 2412 1717 2496 fugatus,
1729 2421 1813 2526 &st

458 2532 656 2598 occisionem
682 2542 716 2597 et
739 2486 1370 2667 capturam?r‘ebgufflnsrbpe‘rnreiScocie,
1392 2543 1426 2599 et
1451 2531 1590 2601 Francie
1611 2542 1645 2597 et
1671 2532 1811 2596 multam

459 2652 583 2720 Christi
603 2673 761 2773 sanffme
786 2652 1033 2765 redemptorum
1058 2674 1225 2771 Ἥκω
1252 2654 1454 2735 effusionem,
1475 2673 1554 2723 non.
1568 2653 1677 2738 potuit
1699 2612 1820 2719 misni-⁹
1864 2722 1892 2774 4

458 2793 545 2838 nare.
601 2796 603 2800 ⁸

283 2917 440 2972 annuat,
546 2893 648 2960 Anno
664 2894 800 2959 Domini
817 2894 1161 2980 M.Ccc.xxxvj.‚circa
1176 2894 1408 2980 Epiphaniam,
1425 2916 1485 2959 rex
1500 2904 1532 2959 et
1550 2894 1813 2978 archiepiscopus

284 2995 433 3128 ἷζζξῐζξοῑ
459 3016 503 3080 de
525 3013 643 3080 Scocia
657 3013 756 3080 sunt²
779 3015 898 3080 reversi
922 3037 983 3099 pro
1002 3015 1170 3099 sepultura
1188 2995 1313 3082 domini
1330 3014 1462 3079 loannis
1485 3012 1667 3079 Deltham⁴
1683 3015 1813 3079 comitis

284 3129 393 3178 ulnam.
461 3134 637 3213 Comubie,
662 3135 811 3219 germani
837 3135 931 3220 regis,
950 3135 1007 3219 qui
1034 3137 1067 3200 in
1095 3158 1206 3202 mense
1233 3136 1389 3203 Octobris
1410 3136 1500 3219 apud
1524 3135 1684 3220 Berewyk
1706 3145 1813 3200 morte

285 3261 442 3322 partiamur,
461 3256 628 3322 communi
643 3256 745 3333 obiit3
769 3255 825 3321 et⁶
839 3257 928 3340 apud
944 3255 1274 3323 Westmonasterium
1287 3257 1395 3341 ipsum
1411 3255 1617 3340 sepelierunt.
1662 3256 1719 3331 Et,
1735 3276 1813 3321 con·

286 3327 404 3458 2330„
416 3405 446 3455 os
459 3387 579 3445 vocato
595 3378 777 3443 Londoniis
797 3376 1014 3461 parliamento
1040 3380 1083 3444 ad
1108 3379 1197 3445 diem
1221 3379 1315 3444 Lune
1333 3390 1409 3462 post
1425 3377 1543 3443 festum
1563 3377 1667 3442 sancti
1684 3377 1814 3442 Mathie

286 3489 364 3540 ΡΜ
460 3498 604 3584 apostoli
625 3508 659 3563 et
683 3498 858 3564 Dominica
874 3498 1168 3583 Quadragesime⁰‚
1196 3500 1272 3566 lecit
1291 3499 1463 3566 dominum
1483 3498 1685 3563 Edwardum
1709 3497 1813 3563 filium

459 3642 555 3687 suum
571 3619 827 3705 primogenitum
842 3621 960 3686 ducem
976 3618 1142 3686 Comubie
1171 3630 1205 3687 et
1226 3621 1397 3688 dominum
1414 3620 1593 3684 Henricum
1609 3622 1652 3684 de
1670 3619 1813 3684 Lancas-

458 3671 1410 3824 fflffimwillelmum
1433 3742 1476 3806 de
1496 3739 1635 3806 Bohun⁷
1657 3741 1814 3805 comitem

461 3864 736 3949 Norhamptonie,
747 3866 918 3932 dominum
929 3865 1134 3931 Willelmum
1149 3866 1192 3931 de
1207 3863 1325 3929 Monte
1339 3873 1436 3928 acuto
1451 3862 1607 3926 comitem
1620 3859 1813 3939 Sarisburie‚

498 4047 507 4081 ¹
526 4051 564 4105 Et
577 4057 650 4120 post.
669 4050 703 4106 C.
773 4046 784 4081 ²
802 4067 856 4105 om.
875 4050 907 4106 C.
978 4046 990 4081 ⁸
1008 4048 1174 4120 Mr’splaced
1182 4045 1419 4119 asterinvenisse.
1433 4047 1467 4100 B.
1514 4041 1527 4076 ⁴
1544 4044 1580 4101 de
1592 4045 1717 4100 Eitham.
1737 4047 1770 4101 C.

496 4135 508 4168 ³
526 4154 579 4193 om.
598 4135 627 4190 B.
858 4136 869 4168 ⁰
886 4142 915 4193 et
924 4137 1011 4195 Dom.
1027 4134 1147 4209 Quodn]
1160 4153 1214 4192 om.
1228 4137 1260 4193 C.
1295 4135 1326 4191 lt
1336 4133 1443 4191 should
1449 4132 1481 4189 be
1493 4131 1741 4206 Quinquagesime.

496 4223 622 4282 'Bown
643 4226 675 4282 C.

280 861 409 914 envoysro
454 843 544 924 quod
567 862 627 906 rex
649 841 773 926 Anglie
796 852 828 906 et
850 864 946 907 suum
969 841 1223 926 parliamentum
1245 841 1527 937 parvipendebant
1546 843 1656 911 literas
1678 844 1727 907 sui
1746 844 1809 908 do·
1938 876 1965 897 ⁴¹
