4282 4890
463 186 479 225 J
554 206 578 233 ρ.

444 226 511 311 ,fligi
543 230 602 290 ’.μ’
614 200 706 311 s

606 252 692 352 eLE
713 295 860 351 BAKER
882 294 943 351 DE
963 296 989 350 S
995 294 1275 353 WYNEBROKE.

276 494 902 604 ⁸⁰slesstachssemffitffifi.,l}¹yt.¹lt¹¹ii⁵
916 504 954 581 et
966 491 1437 595 dllfflllfimllillli„.(lffl?ffiir
1452 492 1494 558 de
1509 492 1629 576 quibus
1647 501 1805 604 affin.

276 617 361 700 singr
388 618 470 682 atim
485 617 554 682 sine
569 617 744 701 dispendio
763 638 828 680 non
845 627 962 699 potero
978 625 1130 682 tractare.
1164 635 1193 706 χ

364 737 465 803 Anno
489 738 624 803 Domini
644 736 819 803 millesimo
843 734 1031 819 M.ccc.lvj.,
1054 736 1144 820 regni
1168 737 1254 821 regis
1275 734 1401 820 Anglie
1423 756 1519 813 xxx,
1543 735 1627 802 circa
1646 753 1808 804 nume.

276 867 425 942 pretacta
444 858 645 944 dispensato,
660 860 813 943 princeps
830 879 951 924 novam
975 878 1109 923 auream
1129 867 1298 923 monetam
1320 859 1353 922 in
1368 857 1536 923 Vasconia
1558 856 1627 921 fieri
1646 833 1804 964 ξοξζῳίῃ-

275 978 436 1045 diffinivit.
482 980 561 1065 Ipso
577 1000 709 1065 quoque
729 982 815 1047 circa
836 980 1081 1065 reparacionem
1105 979 1289 1044 dirutorum
1306 989 1340 1045 et
1360 979 1425 1045 alia
1445 977 1628 1045 necessaria
1648 964 1772 1031 Gaseony.

277 1101 517 1167 conservacioni
541 1102 718 1187 reipublice
741 1104 1100 1219 chpato,
1123 1101 1240 1167 timide
1262 1100 1402 1166 fantasie
1425 1100 1626 1167 Gallicorum
1648 1110 1801 1164 Rumourot

277 1219 445 1288 finxerunt
473 1234 508 1290 et
532 1222 732 1290 ventilarunt
762 1223 851 1288 lama
880 1223 1018 1306 querula
1047 1223 1139 1306 quod
1168 1221 1320 1287 dominus
1349 1244 1411 1287 rex
1439 1220 1565 1306 Anglie
1595 1222 1627 1286 in
1647 1178 1801 1295 fflfflr

277 1341 469 1419 Neustriam
487 1344 716 1428 applicuisset;
740 1345 831 1410 cuius
846 1343 998 1427 figmenti
1014 1344 1223 1410 occasionem
1237 1343 1291 1410 vel
1308 1364 1449 1427 sompno
1470 1353 1630 1428 ceperunt
1648 1309 1803 1375 dey'

275 1462 328 1528 vel
344 1486 444 1530 exeo
460 1467 550 1549 quod
567 1468 720 1532 dominus
735 1466 806 1533 dux
822 1466 1024 1576 Lancastrie
1040 1477 1218 1557 postquam
1234 1465 1416 1531 insorciavit
1430 1465 1629 1531 victualibus

276 1596 310 1651 et
325 1587 426 1651 armis
443 1587 646 1653 municiones
663 1598 697 1654 et
713 1597 820 1653 castra
839 1589 925 1672 regis
944 1587 1094 1653 Navarre
1116 1587 1148 1651 in
1169 1586 1275 1653 insula
1297 1585 1514 1652 Constantina
1534 1599 1569 1652 et
1592 1586 1625 1650 in

277 1707 390 1772 multis
409 1708 481 1773 aliis
501 1709 581 1775 locis
601 1709 817 1789 Normannie‚
831 1710 956 1775 direxit
979 1709 1040 1775 iter
1060 1729 1157 1773 suum
1173 1729 1286 1774 versus
1305 1708 1519 1783 Britanniam,
1535 1708 1628 1774 cuius

275 1829 382 1894 iuerat
405 1832 598 1913 capitaneus
621 1832 818 1896 constitutus
840 1833 883 1896 de
906 1851 1012 1911 novo3
1034 1829 1088 1895 vel
1109 1829 1213 1906 aliter,
1235 1840 1272 1895 ut
1294 1830 1447 1909 creditur,
1465 1829 1628 1914 putabant

275 1950 413 2035 wlgares
435 1973 546 2037 regem
567 1952 761 2019 Neustriam
782 1952 917 2037 petiisse
930 1972 1000 2037 pro
1023 1971 1064 2017 eo
1087 1951 1176 2035 quod
1200 1972 1289 2016 anno
1311 1951 1450 2035 prestito
1474 1951 1628 2016 dominus

275 2069 457 2157 Philippus,
471 2095 649 2171 germanus
665 2076 752 2159 regis
768 2075 917 2140 Navarre
931 2075 1021 2140 venit
1036 2073 1070 2138 in
1085 2072 1245 2157 Angliam
1261 2074 1304 2138 ad
1322 2074 1527 2157 presenciam
1542 2074 1629 2155 regis

276 2205 310 2258 et
336 2194 497 2261 instanter
526 2196 643 2279 petivit
669 2196 841 2272 auxilium,
867 2216 934 2280 quo
960 2204 1074 2280 posset
1101 2195 1326 2259 detinentibus
1353 2214 1463 2279 regem
1491 2194 1627 2260 fratrem

275 2335 372 2379 suum
395 2316 597 2381 vinculatum
621 2337 740 2383 nocere
766 2326 800 2382 et
826 2317 941 2402 predia
965 2317 1036 2381 iure
1057 2316 1171 2381 debita
1194 2316 1342 2399 predicto
1368 2316 1459 2380 fratri
1485 2336 1555 2394 suo,
1577 2326 1629 2380 set

276 2436 385 2500 minus
400 2437 485 2502 iuste
500 2439 645 2517 detenta,
657 2437 775 2502 bellica
791 2459 890 2502 manu
906 2456 1109 2521 recuperare.
1148 2436 1261 2520 Igitur,
1277 2436 1418 2501 offerens
1432 2436 1626 2520 homagium
1649 2436 1746 2533 Miro·

276 2567 310 2623 et
333 2558 439 2622 iurata
461 2558 633 2638 fidelitate,
654 2561 778 2642 recepit
800 2580 844 2624 ex
867 2558 1078 2624 ordinacione
1100 2559 1186 2642 regis
1208 2556 1380 2622 dominum
1402 2557 1563 2622 Milonem
1585 2558 1627 2622 de
1648 2528 1802 2649 ssffffldy,

170 2650 216 2789 ,j
229 2730 234 2739 .
256 2677 478 2761 .Stapiltone,
499 2680 606 2744 virum
638 2701 759 2764 magne
787 2679 963 2764 probitatis
993 2689 1028 2745 et
1056 2677 1628 2802 Q
1685 2708 1754 2813 ll·
1809 2700 1865 2775 nl..

191 2792 199 2853 l
267 2795 495 2915 Qset
517 2796 642 2862 bellicis
664 2797 809 2880 negociis
831 2796 1048 2881 experienciis
1075 2796 1215 2880 egregiis
1237 2796 1442 2873 instructum,
1465 2795 1627 2879 collegam
1677 2788 1702 2855 i„
1737 2812 1750 2855 2·
1798 2812 1811 2845 ε
1952 2842 2003 2881 b

275 2916 501 2983 fidelissimum
531 2917 655 2983 laboris
684 2918 800 3003 optati.
855 2917 1077 2983 Preuominati
1108 2917 1167 2981 viri
1203 2916 1360 2996 bellicosi,
1389 2936 1465 2981 cum
1496 2917 1628 2983 duobus
1717 2868 1953 3060 jhm&
2015 2922 2020 2931 ’

276 3039 409 3104 milibus
424 3026 613 3124 togatorum
630 3039 820 3105 Neustriam
836 3038 983 3123 profecti,
995 3039 1136 3123 patriam
1152 3038 1442 3121 transequitarunt,
1458 3037 1627 3122 capientes
1753 3012 1762 3037 ι

274 3184 296 3228 o
321 3162 375 3226 ida
404 3181 460 3226 mu
620 3162 700 3227 alias
728 3162 939 3240 municiones,
961 3171 1006 3237 et,
1028 3159 1195 3226 nonnullis
1218 3153 1294 3244 igrle
1320 3161 1532 3245 consumptis,
1554 3159 1628 3226 aliis
1731 3195 1793 3305 fs(
1831 3240 1847 3302 Ι)
1978 3172 2014 3251 'f

1733 3254 1735 3269 '
1802 3280 1806 3287 ¹
1855 3250 2027 3311 lists*

275 3284 396 3349 deditis
412 3292 446 3348 et
461 3283 651 3406 Q
667 3294 897 3367 processerunt
913 3304 1017 3366 usque
1038 3285 1081 3348 ad
1097 3280 1690 3383 Ψωῶψῦόὂῠθι-ψῡᾶῌχιω
1733 3256 1760 3313 'J
1869 3294 1876 3303 .

3 3426 11 3439 .
43 3422 53 3463 Ι.
1835 3408 1844 3465 :¹
1891 3430 1896 3445 ,
1922 3424 1948 3457 ¹.
1974 3428 1978 3437 .
2017 3432 2038 3459 ·)

275 3405 378 3471 leucis
404 3406 584 3471 dumtaxat
606 3406 818 3488 distinguitur
839 3426 860 3469 a
881 3406 1015 3481 civitate
1038 3404 1219 3468 Parisiensi.
1266 3403 1337 3467 Nec
1358 3423 1378 3467 a
1399 3411 1500 3470 tanto„
1512 3401 1628 3467 labore

273 3546 391 3591 vacare
419 3526 579 3591 curabant
604 3546 786 3610 quousque,
813 3528 939 3610 treugis
969 3518 1066 3606 initis,
1092 3524 1199 3590 annali
1229 3524 1385 3608 proximo
1413 3524 1571 3599 dicendis,
1594 3524 1626 3586 in

275 3645 437 3731 Angliam
461 3647 638 3712 redierunt.
1808 3720 1812 3745 ἒ
1892 3714 1922 3743 4·
1975 3732 1988 3745 ’1

363 3767 469 3850 Igitur
493 3765 582 3832 fama
601 3767 700 3851 plena
718 3769 852 3834 terroris
874 3768 1051 3853 populares
1075 3788 1171 3833 aures
1192 3766 1300 3832 Gallie
1318 3763 1480 3850 perculsit,
1495 3770 1560 3849 que
1582 3766 1625 3830 ad
1672 3764 1811 3834 r,1ao¹›.'
1887 3736 1901 3751 ἡ
1933 3738 1974 3753 ..
2035 3774 2042 3837 '‚

276 3887 427 3954 auditum
450 3887 575 3952 domini
602 3889 758 3973 principis
781 3890 872 3973 apud
896 3889 1062 3974 Regulam
1085 3888 1288 3955 demorantis
1313 3897 1384 3953 erat
1406 3886 1565 3952 ventilata
1591 3898 1626 3952 et
2026 3868 2043 3883 ⁵

276 4011 401 4076 viscera
417 4009 554 4093 piissimi
570 4011 725 4095 principis
740 4012 921 4079 commovit
936 4033 1022 4097 egre,
1034 4011 1114 4078 ceu²
1130 4009 1315 4076 nullatenus
1330 4009 1476 4092 potentis
1490 4008 1625 4073 sufferre

276 4133 327 4198 sui
353 4131 457 4216 patris
482 4131 624 4197 salutem
653 4134 771 4201 Martis
797 4135 1010 4201 amfractibus
1037 4134 1206 4218 implicari,
1233 4132 1417 4198 dummodo
1444 4151 1510 4197 non
1538 4141 1626 4198 esset
1655 4122 1760 4227 pff!
1830 4102 1917 4229 ‘J-
1944 4056 2043 4177 ..al-

1828 4234 1836 4263 i

820 4208 1036 4238 Ἢ

452 4275 775 4353 ¹adcastr....quod]
788 4280 882 4338 added
889 4282 922 4335 in
934 4278 981 4335 the
992 4280 1117 4353 margin.
1136 4282 1170 4336 B.
1311 4276 1397 4333 'seu-
1417 4279 1450 4337 B.

918 4401 942 4450 T
959 4404 978 4451 2
