4282 4890
503 287 545 352 32
945 247 1193 328 CHRONICON
1220 269 1422 328 carram!

327 482 398 531 Am.
406 481 482 533 1827.
502 472 654 538 diabolus
669 464 936 544 confederavitx,
946 471 1073 536 Placuit
1096 492 1175 555 ergo
1198 491 1264 534 non
1288 469 1401 553 paucis
1425 467 1591 550 utriusque
1613 488 1712 532 sexus
1736 488 1855 552 magne

503 594 682 678 dignitatis,
697 603 766 657 tam
782 591 1000 657 ecclesiastice
1015 612 1114 674 quam
1130 589 1293 668 secularis,
1309 590 1397 672 quod
1414 588 1530 654 causa¹
1546 590 1630 653 tanti
1647 598 1753 654 metus
1770 590 1854 654 foret

502 735 577 779 cum
595 714 761 779 Edwardo
784 713 964 797 consopita,
980 734 1078 795 quern
1088 711 1110 790 ²,
1126 724 1163 777 ut
1185 713 1325 804 quisque
1341 711 1518 812 memhhhit
1535 712 1639 810 perire
1654 712 1852 815 concupivit.

319 870 337 894 J!
371 868 382 892 ι
427 878 431 888 -
503 835 684 899 Mittuntur
699 835 799 918 igitur
812 832 907 898 litere
922 834 1139 933 increpatorie
1160 832 1352 898 custodibus
1376 831 1532 895 Edwardi
1554 831 1853 915 calumpniancium

503 953 710 1019 fallacissime
734 956 824 1037 quod
851 953 1016 1020 remissius
1031 975 1131 1037 quam
1158 954 1316 1018 deberent
1342 952 1449 1035 ipsum
1474 953 1677 1017 custodirent
1700 963 1733 1017 et
1756 952 1854 1016 nimis

503 1070 645 1140 delicate
670 1074 890 1140 confoverent.
937 1074 1115 1139 Intimatur
1152 1074 1256 1138 eciam
1286 1064 1431 1150 eiisde'm,
1464 1081 1513 1136 set
1543 1073 1731 1157 semiplene,
1762 1073 1854 1155 quod

503 1196 660 1260 Edwardi
684 1196 833 1259 interitus
856 1205 914 1260 aut
938 1194 1096 1260 naturalis
1120 1204 1177 1260 aut
1200 1193 1363 1259 violentus
1387 1192 1608 1258 indifferenter
1622 1194 1852 1277 complaceret.

329 1322 382 1373 The
393 1322 484 1389 bishop
505 1317 571 1380 Hic
593 1316 727 1399 vigebat
748 1315 972 1399 sophistarum
995 1315 1124 1380 fallacia
1146 1315 1301 1380 accensa³
1330 1335 1390 1397 per
1412 1334 1430 1377 e
1454 1314 1521 1378 isco
1546 1335 1602 1377 um
1626 1316 1682 1396 qui
1705 1315 1852 1397 scripsit:

327 1388 357 1437 of
366 1389 444 1439 Here·
1625 1436 1632 1449 .

327 1455 404 1504 rord’s
503 1431 1387 1553 ‘Qt'
1450 1456 1503 1498 su
1539 1435 1706 1518 sophisma
1721 1437 1754 1498 in
1770 1437 1853 1500 duas

327 1520 475 1650 iffiggm
502 1557 747 1642 proposiciones
771 1558 950 1622 resolutum
961 1555 985 1636 ⁴,
1003 1579 1143 1641 quarum
1170 1559 1278 1641 prima
1298 1566 1425 1620 constet
1449 1576 1494 1619 ex
1520 1556 1627 1620 tribus
1648 1557 1761 1639 primis
1785 1565 1852 1620 ter-

502 1678 606 1757 minis,
635 1677 789 1743 videlicet
811 1679 900 1742 istis:
924 1679 1148 1743 ‘Edwardum
1178 1679 1327 1743 occidere
1349 1672 1469 1753 nolite,'
1492 1687 1526 1740 et
1547 1679 1691 1742 secunda
1713 1698 1756 1741 ex
1779 1677 1853 1741 aliis

500 1800 614 1875 tribus,
639 1799 765 1864 scilicet
789 1799 879 1864 istis:
904 1800 1039 1864 ‘timere
1062 1800 1186 1863 bonurn
1211 1796 1280 1876 est,’
1304 1796 1383 1860 nihil
1409 1796 1546 1881 perfidie
1567 1799 1698 1862 videtur
1721 1818 1852 1880 persua-

500 1921 597 1998 dere3
621 1929 670 1982 set
689 1927 875 2002 receptores
892 1918 1070 1995 literarum,
1087 1939 1170 2001 quos
1185 1938 1251 1982 non
1267 1918 1362 1982 latuit
1383 1919 1512 1983 animus
1531 1918 1737 2002 episcopalis,
1758 1919 1852 1982 aliter

501 2038 670 2122 sophisma
693 2049 984 2117 commutaverunt,
1007 2040 1130 2105 scilicet
1154 2040 1196 2103 ad
1219 2059 1350 2104 sensum
1370 2039 1487 2103 istum:
1521 2038 1743 2103 ‘Edwardum
1768 2040 1852 2104 occi-

502 2163 579 2226 dere
601 2160 702 2224 nolite
725 2158 860 2236 timere,'
879 2171 912 2224 et
935 2171 1013 2225 tunc
1035 2161 1274 2225 subiunxerunt
1298 2160 1457 2244 legendo:
1473 2161 1615 2223 ‘bonum
1633 2156 1702 2238 est,’
1726 2160 1851 2224 malum

591 2236 844 2261 ...---.....

503 2283 668 2372 dictamen
703 2282 824 2345 conscii
864 2282 906 2345 de
943 2282 1041 2359 malo,
1075 2301 1141 2346 non
1173 2282 1337 2357 dictantis,
1371 2281 1458 2345 male
1490 2291 1729 2345 accentuantes.
1775 2281 1852 2345 Tali

501 2401 671 2467 sofismate
701 2424 779 2467 usus
797 2414 846 2467 est
873 2401 927 2466 ille
950 2403 1087 2467 callidus
1109 2401 1268 2485 sophista,
1291 2402 1395 2465 sciens
1417 2403 1507 2484 quod
1530 2401 1600 2465 sine
1621 2401 1671 2466 sui
1694 2402 1851 2485 inscripto

501 2545 660 2588 consensu
686 2545 752 2590 non
775 2526 942 2589 audebant
969 2533 1162 2589 executores
1188 2523 1329 2587 crudelis
1356 2523 1502 2586 mandati
1535 2521 1737 2586 Edwardum
1767 2525 1850 2588 occi-

501 2647 588 2722 dere,
614 2666 655 2709 ne
682 2647 751 2709 sine
778 2666 936 2711 consensu
965 2645 1127 2710 maiorum
1162 2646 1204 2709 de
1235 2665 1336 2728 regno
1366 2644 1545 2726 aliquando
1571 2644 1677 2709 forent
1707 2645 1850 2709 accusati
1928 2704 1931 2708 Δ

501 2766 564 2831 hoc
588 2766 737 2846 fecisse.)
756 2767 943 2851 Episcopus
965 2789 1052 2844 vero,
1076 2767 1108 2830 in
1131 2786 1245 2830 necem
1269 2766 1425 2830 Edwardi
1451 2764 1591 2829 finaliter
1615 2767 1850 2830 determinatus

501 2898 535 2950 et
565 2887 703 2969 proinde
733 2888 794 2951 sibi
826 2888 887 2970 ipsi
918 2887 1054 2953 forsitan
1084 2887 1269 2951 accusando
1299 2888 1341 2951 de
1373 2907 1541 2963 consensu,
1567 2887 1711 2970 providit
1741 2897 1850 2951 caute-

502 3007 572 3071 lose
600 3017 636 3071 ut
659 3008 776 3070 eadem
799 3008 969 3079 autoritas,
993 3008 1043 3072 sui
1074 3007 1260 3071 mandantis
1287 3006 1495 3071 affectionum
1526 3007 1760 3072 contrariarum
1790 3029 1850 3072 ex-

502 3128 654 3210 pressiva,
674 3148 741 3191 uno
760 3129 861 3194 modo
883 3129 1037 3212 exposita
1059 3128 1110 3192 vel
1134 3137 1327 3192 accentuata
1344 3128 1504 3192 animaret
1522 3129 1640 3194 stultos
1657 3129 1689 3192 in
1710 3139 1851 3195 mortem

502 3249 692 3325 innocentis,
722 3260 772 3313 set
801 3249 862 3313 sub
889 3250 954 3313 alio
977 3269 1071 3314 sensu
1099 3248 1250 3313 facinoris
1273 3249 1356 3313 tanti
1387 3249 1494 3333 ipsum
1526 3250 1704 3314 immunem
1731 3251 1851 3316 faceret

501 3370 610 3454 putari
623 3391 631 3449 ;
663 3371 763 3452 quod,
788 3381 824 3435 ut
851 3370 910 3434 fuit
933 3371 1125 3454 cogitatum,
1149 3369 1287 3452 contigit
1309 3371 1351 3434 de
1373 3369 1469 3434 facto.
1516 3371 1667 3453 Denique
1694 3371 1850 3437 Edwardi

502 3490 735 3569 interfectores,
766 3502 920 3575 putantes
950 3492 1090 3576 proinde
1114 3490 1297 3555 amiciciam
1320 3491 1462 3555 isabelle
1484 3502 1517 3555 et
1545 3492 1690 3576 episcopi
1716 3492 1850 3557 sofistici

502 3613 688 3696 deceptoris
717 3632 796 3696 erga
818 3634 854 3678 se
877 3612 974 3678 fuisse
1004 3611 1243 3689 confirmatam,
1267 3612 1458 3676 invenerunt
1481 3612 1570 3676 illam
1601 3623 1634 3677 et
1659 3613 1850 3698 episcopum

503 3733 662 3797 ferventes
684 3744 857 3799 exactores
879 3735 1027 3818 pignoris
1048 3733 1106 3798 eiis
1124 3734 1246 3810 traditi,
1261 3733 1385 3798 scilicet
1400 3734 1525 3797 domini
1550 3733 1714 3811 Edwardi,
1737 3746 1770 3800 et
1793 3738 1850 3800 sti-

502 3855 658 3938 pendium
689 3856 904 3938 proditorum,
933 3856 1056 3920 scilicet
1090 3865 1232 3920 mortem
1261 3854 1462 3933 vilissimam,
1495 3876 1557 3939 pro
1579 3856 1746 3921 demeritis
1772 3857 1851 3940 ipsis

503 3976 749 4040 comminantes.
796 3975 896 4041 Unde
919 3976 1011 4040 stulti
1034 3976 1159 4041 confusi
1182 3977 1262 4059 quid
1284 3976 1427 4042 facerent
1451 3977 1649 4060 ignoravere,
1673 3977 1735 4042 nisi
1761 3980 1851 4060 quod

502 4096 676 4180 epistolam
711 4096 851 4162 Isabelle
881 4106 914 4160 et
951 4098 1105 4181 episcopi,
1139 4097 1277 4163 aliorum
1307 4098 1411 4162 eciam
1445 4098 1703 4180 conspiratorum
1737 4098 1852 4182 sigillis

609 4231 618 4264 ¹
638 4237 674 4287 rit.
689 4234 721 4288 B.
864 4232 950 4304 ²qui.
971 4235 1003 4290 B.
1148 4231 1158 4263 ³
1178 4244 1321 4289 accentus.
1343 4236 1374 4288 B.
1517 4233 1527 4264 ⁴
1546 4234 1675 4289 resoluta.
1696 4236 1729 4288 B.
