4282 4890
475 271 514 351 78
923 274 1169 332 CHRONICON
1189 274 1392 331 GALFRIDI

1889 420 1900 467 l

1409 429 1428 457 1

298 488 454 537 anama
473 476 686 543 devocionem
706 475 795 560 piam
816 485 850 540 et
870 495 971 559 quam
990 475 1099 559 plures
1120 477 1162 540 de
1180 475 1336 552 exercitu,
1355 475 1717 601 anrpnullosjd
1738 479 1822 544 deri·
1863 472 1916 539 *i*

327 578 426 590 .-
472 601 609 691 sionem,
632 598 889 710 provocavit&
1479 588 1492 598 ’
1552 560 1657 601 'A'
1730 560 1769 607 Ἃ

296 720 370 798 stege
384 718 414 769 of
467 688 688 796 ““fostea
710 719 796 784 circa
819 717 1116 801 Quadragesimam
1135 717 1211 783 anni
1233 717 1376 796 secundi,
1392 719 1530 819 ῥιψὶ
1552 719 1729 786 comitibus
1747 742 1823 787 cum
1860 761 1902 891 J
1973 760 1983 802 :-

1929 828 1956 861 Λ
2014 830 2025 865 'd
2097 851 2129 867 -oea

1932 848 2093 987 ‚My-p

297 785 428 851 Arguillon

297 852 405 967 ppktpeof
496 841 582 906 redis
605 851 638 906 et
663 861 702 906 ca
726 840 801 905 tivis
826 860 860 904 re
888 839 895 854 '
974 840 1034 916 dis,
1059 839 1129 904 auri
1153 859 1286 941 quoque
1311 849 1345 904 et
1368 840 1495 945 argenti
1519 841 1647 944 magnis
1669 842 1824 951 collectis,

297 982 427 1032 normann
473 960 540 1027 Bur
565 961 716 1046 eagiam,
762 981 907 1044 rigeracu
946 1011 953 1037 ,
1025 960 1107 1025 alias
1127 960 1328 1025 municiones
1347 980 1423 1025 suas
1439 962 1583 1040 reversis,
1599 962 1763 1028 Iohannes
1781 965 1824 1029 de
1871 922 1923 1032 i¹

296 1047 416 1113 (ΝΛΜ
434 1052 454 1110 )’
471 1083 616 1160 Valesio,
640 1081 878 1167 primogenitus
901 1092 934 1146 et
960 1081 1053 1146 heres
1079 1081 1201 1146 tiranni
1224 1082 1436 1159 Francorum,
1462 1103 1538 1148 cum
1565 1103 1685 1167 magna
1712 1084 1823 1148 multi-

470 1205 585 1269 tudine
608 1204 760 1268 iuvenum
780 1203 921 1267 militum
944 1212 977 1266 et
999 1201 1220 1301 stipendiariis
1238 1202 1429 1268 Teutonicis
1451 1223 1516 1268 non
1539 1204 1662 1297 paucis,
1684 1205 1823 1270 obsessit

469 1326 582 1391 villam
612 1326 654 1389 de
686 1324 870 1408 Aguyloun
902 1333 935 1388 et
964 1298 1033 1388 eius
1055 1292 1270 1407 ¹capitaneum
1304 1324 1461 1390 baronem
1495 1323 1683 1401 Staffordie,
1713 1335 1747 1389 et
1777 1326 1824 1390 ita

470 1449 635 1532 sapienter
652 1466 747 1510 suum
771 1445 952 1511 exercitum
974 1444 1104 1510 fossatis
1127 1445 1313 1511 munierunt
1331 1447 1421 1529 quod
1440 1447 1483 1510 ad
1501 1467 1558 1512 eos
1580 1445 1732 1530 Anglicis
1754 1446 1824 1511 sine

471 1589 593 1652 magno
612 1567 757 1653 periculo
771 1587 838 1632 non
854 1565 961 1649 patuit
976 1586 1133 1643 accessus,
1154 1566 1265 1631 saltim
1289 1567 1368 1651 ipsis
1389 1567 1521 1645 invitis;
1545 1587 1604 1633 nec
1620 1567 1728 1631 minus
1747 1589 1823 1651 pru·

470 1693 585 1756 denter
608 1711 664 1754 seu
691 1687 827 1752 viriliter
851 1686 975 1752 obsessi
1002 1707 1096 1751 suam
1121 1687 1289 1752 civitatem
1316 1685 1484 1753 defensam
1510 1689 1750 1766 custodiebant,
1777 1689 1823 1754 ita

470 1813 560 1895 quod
583 1810 704 1894 pluries
731 1829 806 1875 cum
833 1808 981 1873 exercitu
1011 1817 1108 1872 extra
1139 1798 1251 1872 muros
1280 1818 1313 1872 et
1344 1818 1457 1892 portas
1487 1829 1586 1873 manu
1616 1810 1660 1874 ad
1687 1830 1822 1874 manum

470 1951 669 2017 pugnavere.
713 1930 896 2031 Qvero
922 1938 956 1992 et
978 1928 1027 1992 sui
1050 1949 1116 1992 non
1142 1929 1285 2011 segniter
1308 1949 1343 1993 se
1365 1928 1560 2006 habuerunt,
1587 1928 1691 1994 immo
1713 1931 1823 2013 plures

470 2051 640 2118 conflictus
658 2071 734 2117 cum
756 2049 980 2115 obsessoribus
995 2048 1139 2113 habuere
1163 2059 1196 2112 et
1219 2049 1369 2115 obsessos
1391 2050 1505 2115 crebro
1520 2051 1613 2115 novis
1627 2051 1824 2116 victualibus

470 2171 660 2247 refecerunt,
688 2191 746 2237 nec
773 2180 885 2235 tamen
911 2169 1116 2235 obsidionem
1144 2169 1316 2234 valuerunt
1342 2171 1473 2254 penitus
1498 2192 1660 2249 amovere,
1688 2182 1823 2256 propter

472 2293 770 2379 impossibilitatem
794 2291 1005 2376 aggrediendi
1034 2291 1223 2357 obsidentes
1253 2290 1347 2357 fossis
1376 2291 1620 2376 circumseptos,
1649 2293 1706 2377 qui
1729 2292 1823 2358 nolu·

472 2425 567 2481 erunt
582 2417 625 2480 ad
645 2414 767 2479 bellum
783 2424 967 2498 campestre
986 2412 1168 2477 feriendum
1184 2413 1350 2489 assentire,
1360 2413 1748 2509 {iffi-SPQbiliE‘i
1755 2435 1841 2507 991¹„

471 2546 608 2641 propter
639 2536 762 2600 bellum
799 2545 849 2599 set
881 2536 925 2635 ad
958 2534 1192 2629 obsidendam·
1210 2533 1299 2598 illam
1332 2533 1499 2599 civitatem
1533 2504 1822 2601 illuc-advenisse.
1925 2567 1956 2631 1i.
1975 2570 2133 2661 ww

354 2666 389 2697 ”·’·
472 2657 590 2742 Itaque
608 2656 738 2723 duravit
764 2632 900 2723 obsidii?
918 2656 1054 2789 pff
1077 2676 1180 2740 usque
1206 2667 1282 2740 post
1309 2654 1428 2720 festum
1456 2654 1696 2721 Decollacionis
1719 2657 1823 2723 sancti
1857 2642 1912 2749 ‘3²¹'
1997 2634 2051 2719 ‘i'

471 2776 648 2856 Iohannis3
671 2779 786 2844 audito
799 2798 1003 2882 Qpro
1025 2789 1102 2843 tunc
1118 2777 1208 2860 quod
1231 2798 1291 2842 rex
1306 2775 1431 2860 Anglie
1451 2777 1541 2861 apud
1563 2775 1670 2842 Cressi
1694 2788 1823 2861 patrem

471 2920 567 2963 snum
585 2899 772 2983 Philippum
788 2899 975 2976 debellavit,
995 2900 1114 2962 timens
1135 2919 1176 2963 ne
1197 2897 1295 2961 nimis
1317 2899 1412 2962 tarde
1430 2898 1472 2962 ad
1496 2899 1599 2981 patris
1622 2899 1823 2981 presenciam

472 3030 505 3083 et
527 3020 701 3085 concilium
724 3019 900 3104 deveniret,
915 3019 1017 3101 gratis
1037 3019 1163 3083 dimisit
1183 3018 1400 3096 obsidionem,
1422 3019 1572 3115 tentoriis
1593 3028 1627 3082 et
1650 3019 1823 3113 papilioni·
1849 3012 1882 3063 ἴ
1898 2957 1954 3075 bib
1967 2956 2115 3091 brimo

471 3140 533 3204 bus
559 3141 626 3204 suis
651 3139 796 3217 incensis,
822 3139 985 3205 occultam
1017 3138 1128 3222 lugam
1156 3137 1226 3203 iniit
1255 3138 1397 3203 tenebris
1424 3112 1600 3203 nocturnis.
1647 3106 1823 3222 Fugientes

472 3260 750 3344 persequebantur
780 3260 905 3325 nobiles
934 3259 1067 3337 obsessi,
1100 3258 1223 3325 scilicet
1253 3278 1364 3324 comes
1394 3255 1572 3323 Staffordie
1598 3260 1764 3343 predictus
1789 3271 1823 3324 et

472 3381 557 3445 filius
575 3381 701 3445 domini
716 3382 759 3445 dc
774 3380 920 3458 Libreto,
935 3392 968 3445 et
984 3390 1211 3464 percusserunt
1225 3399 1282 3444 eos
1298 3379 1330 3443 in
1346 3379 1518 3463 posteriori
1534 3380 1698 3446 exercitus
1714 3391 1823 3464 parte3

471 3504 563 3569 cuius
588 3513 762 3585 amputata
788 3503 902 3580 cauda,
929 3504 971 3567 de
995 3501 1124 3566 illorum
1150 3501 1242 3584 equis
1266 3511 1299 3565 et
1326 3501 1464 3584 captivis
1494 3502 1645 3580 reductis,
1674 3503 1823 3567 tentoriis

471 3589 901 3708 qfflfflis
916 3623 1050 3707 opidani
1067 3622 1196 3687 suerunt
1211 3622 1400 3688 notabiliter
1410 3622 1516 3700 ditati,
1531 3632 1564 3686 et
1580 3624 1622 3687 de
1637 3624 1823 3688 rumoribus

472 3746 602 3812 illorum
622 3745 734 3828 lugam
750 3745 887 3810 cantivis
904 3743 1001 3809 valde
1018 3741 1204 3810 confortati.

559 3866 634 3929 Hiis
650 3867 682 3929 in
697 3833 915 3931 Vascmria‘et
933 3864 1089 3949 predictis
1110 3864 1142 3928 in
1161 3863 1329 3928 Britannia
1345 3862 1525 3973 mirabilips
1540 3882 1641 3975 popm
1658 3862 1772 3981 serip'
1788 3885 1824 3928 se

471 3985 677 4064 habentibus,
709 3986 845 4051 domino
881 3985 950 4069 regi
986 3987 1029 4050 ad
1061 3985 1338 4051 transfretandum
1371 4004 1416 4065 se,
1439 3983 1626 4068 disponenti
1659 3983 1824 4068 eliguntur
1875 3962 1896 3993 '³

397 4117 403 4130 ‘
470 4107 642 4191 sagittarii,
666 4107 793 4173 decime
818 4117 851 4172 et
871 4107 1079 4190 quindecime
1104 4106 1320 4190 burgensibus
1346 4115 1379 4171 et
1403 4105 1642 4191 campestribus
1665 4115 1741 4170 sunt
1756 4106 1823 4171 col·
1965 4076 1987 4101 Η

472 4230 564 4306 lecte,
579 4240 612 4295 et
629 4230 759 4314 insuper
772 4227 907 4294 vicesies
924 4227 1014 4293 milia
1031 4247 1199 4294 saccorum
1217 4226 1289 4292 lane
1304 4227 1424 4292 elidem
1448 4227 1677 4293 conceduntur.
1727 4225 1823 4301 Item,
