4282 4890
494 282 537 367 36
800 259 801 264 ‘
930 289 1176 347 crrnonrcon
1199 288 1402 345 carambi

319 507 474 561 antean.
493 487 641 552 universe
670 487 776 554 carnis
804 489 958 573 ingresso,
984 488 1139 554 dominus
1165 488 1329 553 Iohannes
1358 490 1401 553 de
1428 486 1867 623 Grmfflmmoffl

318 600 478 703 JothG—ran-
495 609 656 674 v'sionem
677 631 772 723 pa,pe
788 609 820 673 in
841 609 925 674 festo
944 611 1049 675 sancti
1070 609 1160 675 Luce
1181 609 1214 672 in
1236 608 1324 674 curia
1346 608 1500 673 Romana
1520 608 1581 673 fuit
1602 609 1635 672 in
1655 627 1847 693 episcopum
1888 590 1981 710 ἃ]
1994 601 2048 684 18

320 703 393 753 dison
404 720 464 754 suc-

320 769 427 819 ceedsto
434 769 476 820 the

319 834 448 899 bishopric
509 857 512 862 v

319 899 350 950 of
358 899 454 951 Exeter.
507 906 511 913 '

61 1030 248 1304 Μ
320 1112 405 1164 Deatb
417 1112 448 1163 of·

319 1177 424 1230 Cbarles
435 1178 464 1229 of

320 1244 415 1294 Valois

320 1307 477 1377 <ss-1³25)

198 1392 469 1519 (cmg.

104 1602 233 1739 se:
250 1533 448 1717 lili*

153 1862 215 1890 ,ι
261 1792 444 2206 ᾗ·

263 1933 268 1941 ·
403 1905 419 1953 l

152 1978 164 1989 ο
448 2017 479 2069 of

127 2084 152 2103 .‚.
199 2166 233 2199 w
319 2103 426 2174 Q

326 2793 432 2844 Manner
443 2794 473 2844 of

324 2857 364 2910 bis
375 2860 459 2911 death.

85 2934 225 3028 (exenium
238 2944 268 3011 lo
288 2948 315 3000 'is
335 2943 420 3011 ttss-fi„

1192 698 1494 720 moe-au-
1502 703 1540 713 .-

498 730 745 797 Erroniensem¹
764 727 1023 810 consecratus><

582 851 721 929 Eodem
735 872 826 923 anno
845 852 998 947 transivit
1021 852 1064 917 ad
1088 850 1221 916 celestia
1242 849 1396 916 dominus
1424 850 1608 915 Edwardus
1633 862 1728 934 pater
1753 850 1848 935 regis,

495 982 531 1036 ut
556 971 681 1037 dictum
704 982 754 1036 est
776 994 813 1037 su
840 969 903 1038 rai.

487 993 962 1204 ΨΜ
991 1094 1033 1157 de
1059 1091 1223 1171 Valesio³,
1250 1102 1387 1176 patruus
1419 1092 1506 1176 regis
1536 1091 1674 1158 Francie
1707 1089 1848 1157 Karoli⁴

516 1224 596 1296 tque
623 1212 763 1279 Isabelle
785 1214 899 1278 matris
922 1214 1007 1297 regis
1029 1213 1183 1296 Anglie⁶,
1206 1213 1262 1296 qui
1284 1212 1447 1296 Anglicos
1469 1233 1599 1296 semper
1621 1213 1700 1277 odio
1722 1212 1849 1291 habuit,

495 1344 538 1410 et,
564 1343 601 1397 ut
633 1334 758 1398 dictum
788 1343 848 1411 est,
874 1344 988 1398 contra
1021 1335 1177 1398 comitem
1205 1332 1327 1415 Cancie
1359 1334 1393 1396 in
1419 1333 1584 1398 Vasconia
1621 1333 1720 1397 duxit
1753 1353 1849 1396 exer·

495 1454 597 1519 citum
637 1453 848 1532 Francorum,
886 1455 1054 1519 convictus
1091 1456 1180 1537 quod
1221 1475 1331 1538 regem
1372 1454 1510 1519 Francie
1549 1463 1705 1537 nepotem
1742 1473 1849 1531 suum,

495 1574 600 1638 filium
629 1575 757 1670 scilicet
781 1574 924 1658 Philippi
954 1575 985 1639 le
1015 1574 1112 1640 Beals
1142 1575 1250 1640 fratris
1276 1574 1353 1650 sui⁰,
1383 1575 1558 1639 invitatum
1593 1575 1637 1638 ad
1662 1576 1850 1639 venandum

496 1706 529 1760 et
556 1694 757 1779 epulandum
785 1716 897 1761 secum
926 1696 1059 1761 volebat
1090 1695 1262 1780 iugulasse‚
1295 1696 1436 1760 traditur
1466 1693 1630 1778 supplicio
1660 1695 1749 1807 Q>
1771 1714 1850 1760 con·

496 1817 644 1901 dignum.
689 1817 767 1881 Post
807 1837 927 1881 neme
964 1816 1186 1894 venacionem,
1222 1816 1359 1899 quidam
1398 1816 1484 1898 regis
1521 1815 1659 1932 Q
1691 1817 1850 1880 intrantes

496 1936 607 2003 locum
629 1938 769 2002 convivii
796 1936 991 2011 celebrandi,
1013 1949 1183 2022 comperta
1209 1938 1454 2003 machinacione
1479 1936 1680 2022 prodicionis
1701 1947 1735 2002 et
1760 1939 1851 2020 quod

497 2058 559 2122 viri
582 2058 711 2132 armati,
735 2059 854 2140 quibus
876 2068 946 2122 erat
968 2056 1146 2142 pallacium
1170 2059 1202 2121 in
1225 2079 1359 2123 nemore
1381 2058 1561 2123 consistens
1583 2057 1755 2141 repletum,
1778 2079 1852 2142 pre-

499 2178 640 2244 missos⁷
671 2180 714 2243 de
751 2191 876 2243 secreta
909 2178 995 2263 regis
1025 2178 1150 2243 familia
1180 2180 1393 2258 trucidarunt,
1423 2190 1457 2245 et
1487 2181 1605 2245 cordas
1638 2179 1757 2244 sericas
1787 2199 1850 2263 pro

498 2300 665 2365 nobilibus
689 2301 927 2383 suspendendis
953 2300 1102 2365 trabibus
1127 2298 1354 2392 inlaquearunt
1364 2300 1387 2376 ⁸,
1414 2321 1480 2365 non
1505 2300 1576 2365 sine
1602 2299 1795 2365 difficultate
1817 2310 1851 2365 et

498 2420 653 2487 conflictu
665 2420 782 2496 evasi⁹,
799 2422 993 2486 nunciarunt
1012 2421 1080 2504 regi
1096 2392 1279 2506 periculum
1295 2420 1329 2484 in
1345 2422 1452 2505 capud
1468 2442 1564 2486 suum
1580 2419 1851 2505 excogitatum¹⁰.

500 2540 609 2618 Unde,
624 2542 658 2605 in
673 2541 755 2606 alias
770 2552 880 2625 partes
897 2542 1039 2607 tuciores
1055 2563 1130 2626 rege
1149 2563 1186 2607 se
1205 2539 1473 2616 committenteu,
1490 2541 1618 2625 capitur
1634 2540 1689 2605 ille
1707 2541 1853 2608 Karolus

499 2662 541 2726 de
563 2661 706 2740 Valesio,
728 2672 770 2740 et,
793 2663 943 2745 quamvis
967 2683 1043 2761 Q
1066 2662 1155 2746 regie
1182 2662 1384 2746 magestatis,
1407 2671 1519 2726 tamen
1545 2672 1680 2745 propter
1705 2683 1854 2726 reveren·

499 2783 585 2847 ciam
615 2782 783 2866 sanguinis
814 2782 932 2865 regalis
962 2803 1029 2846 non
1060 2781 1121 2847 fuit
1153 2803 1330 2865 suspensus
1363 2801 1424 2847 nec
1456 2782 1671 2864 decapitatus,
1700 2790 1752 2845 set
1783 2782 1854 2847 sine

500 2902 713 2988 femoralibus
737 2904 827 2967 nudo
854 2904 1010 2968 marmori
1038 2903 1131 2987 aquis
1160 2903 1288 2988 frigidis
1318 2924 1467 2986 resperso
1493 2901 1624 2975 insedit,
1649 2902 1705 2966 ubi
1733 2902 1854 2986 frigore

249 3073 277 3103 ,.
307 3081 322 3096 ,,
374 3020 416 3099 2..
500 3024 606 3088 finivit
629 3023 901 3088 inveteracionem
924 3024 1051 3089 dierum
1075 3021 1282 3088 malorum¹².

589 3143 656 3208 Hic
692 3143 838 3208 Karolus
875 3156 945 3208 erat
978 3165 1154 3228 germanus
1195 3143 1340 3228 Philippi
1376 3144 1407 3209 le
1443 3142 1548 3220 Beals,
1581 3143 1668 3227 regis
1704 3143 1853 3208 Francie.

537 3366 547 3399 ¹
565 3369 597 3422 in
608 3367 689 3438 episc.
703 3364 812 3437 Exom]
826 3366 974 3438 episcopus
988 3367 1076 3423 Exon
1091 3365 1134 3422 Bi.
1149 3367 1180 3422 C.
1323 3364 1335 3399 ²
1351 3367 1459 3422 Eodem
1473 3406 1480 3422 .
1494 3406 1501 3421 .
1515 3406 1522 3421 .
1535 3406 1542 3420 .
1554 3364 1656 3438 supra]
1671 3368 1773 3422 Postea
1784 3364 1855 3423 obiit

500 3455 658 3510 Edwardus
680 3455 828 3523 secundus,
841 3453 912 3510 sicut
925 3455 1058 3526 scripturn
1071 3465 1114 3511 est
1125 3471 1218 3525 supra
1232 3453 1274 3510 Bi.
1289 3456 1320 3511 C.
1453 3454 1464 3486 ³
1484 3456 1557 3511 Item
1569 3456 1623 3511 hoc
1636 3471 1711 3510 anno
1723 3453 1855 3510 dominus

504 3544 571 3597 Kar.
584 3543 619 3597 de
631 3543 746 3611 Valoys.
765 3540 808 3597 13².
823 3544 854 3598 C.
1069 3541 1080 3574 ⁴
1101 3544 1168 3597 Kar.
1181 3543 1218 3597 fil.
1232 3541 1293 3597 Phi.
1306 3543 1331 3599 le
1344 3543 1428 3599 Beals
1440 3542 1622 3598 Valesiensis.
1641 3541 1684 3598 13².
1697 3560 1704 3610 ;
1730 3544 1794 3598 Car.
1807 3541 1854 3596 filii

500 3629 680 3686 Valesiensis.
694 3631 726 3686 C.
1073 3627 1187 3700 ⁶atque
1199 3669 1206 3684 .
1219 3670 1226 3685 .
1239 3669 1246 3684 .
1259 3669 1266 3684 .
1278 3628 1398 3703 Anglie]
1410 3647 1464 3686 orn.
1483 3629 1527 3686 Bi.
1541 3630 1572 3686 C.

536 3716 548 3748 ⁶
565 3722 709 3789 nepotem.
722 3757 729 3772 .
742 3757 749 3772 .
762 3757 769 3772 .
781 3716 841 3789 sut]
854 3728 984 3789 nepotem
997 3735 1087 3773 suum
1106 3717 1165 3786 B².;
1192 3717 1352 3789 Philippum
1365 3719 1400 3774 de
1414 3719 1497 3774 Beals
1510 3726 1640 3788 nepotem
1653 3734 1743 3772 suum.
1763 3717 1795 3772 C.

536 3803 677 3876 'pr-’ssos
697 3807 729 3861 B.
822 3803 833 3837 ⁸
850 3813 879 3861 et
888 3806 967 3876 quod
975 3808 1038 3861 viri
1048 3846 1055 3862 .
1068 3845 1075 3861 .
1088 3845 1096 3861 .
1108 3846 1116 3862 .
1127 3803 1249 3877 inlaqu.]
1263 3823 1316 3860 om.
1330 3805 1373 3860 Bi.
1387 3807 1419 3862 C.
1507 3803 1676 3860 ⁹exeuntes.
1696 3803 1739 3858 13².
1752 3804 1784 3859 C.

537 3891 560 3924 ¹⁰
571 3895 660 3964 pm'c.
673 3932 680 3947 .
693 3931 701 3948 .
714 3933 721 3948 .
734 3933 741 3948 .
752 3892 856 3966 excog.]
869 3911 924 3948 om.
943 3894 986 3949 Bi.
1000 3896 1033 3951 C.
1246 3892 1267 3924 ¹¹
1284 3911 1314 3947 sc
1324 3890 1433 3962 comm]
1447 3891 1612 3947 declinante.
1631 3890 1674 3946 13².
1689 3891 1721 3946 C.

537 3979 559 4013 ²²
575 3981 692 4052 capttur
795 3980 948 4053 malonem]
973 3982 1082 4053 capitur
1101 3981 1155 4037 iste
1176 3982 1297 4037 Karolus
1319 3990 1347 4036 et
1369 3979 1522 4049 convictus,
1547 3995 1604 4035 non
1627 3995 1780 4049 suspensus
1803 3996 1856 4036 nec

502 4067 676 4140 decapitatus
697 4078 812 4139 propter
832 4070 1020 4127 reverenciam
1041 4069 1184 4141 sanguinis
1205 4067 1316 4139 regalis,
1335 4068 1396 4124 siue
1415 4067 1594 4123 femoralibus
1614 4067 1692 4123 nudo
1716 4085 1857 4124 marmore

502 4156 583 4228 aquis
592 4155 699 4227 frigidis
717 4174 844 4228 resperso
856 4155 1020 4231 [respersus.
1034 4157 1079 4230 C.]
1092 4157 1205 4229 insedit,
1217 4156 1265 4214 ubi
1276 4155 1379 4228 frigore
1389 4155 1478 4212 finivit
1490 4155 1565 4213 diem
1584 4153 1701 4213 ulcionis
1720 4173 1770 4214 sue
1791 4154 1856 4228 [ule.

504 4244 675 4317 temporalis.
688 4242 745 4316 B¹.]
765 4243 808 4302 B'.
822 4246 854 4303 C.

1866 1623 1974 1757 f»)-
2013 1613 2104 1719 sb<

1889 2145 2054 2348 ru

1896 3050 1945 3158 it
