4282 4890
470 286 512 351 90
915 272 1161 330 CHRONICON
1182 272 1388 327 GALFRIDI

295 497 450 603 a.n—.-1s40.
468 469 603 548 obrutis,
636 469 745 536 adhuc
771 470 856 536 fosse
889 469 1051 554 profunde
1080 470 1174 554 aquis
1205 470 1338 535 marinis
1368 470 1490 536 cotidie
1519 469 1676 535 inundate
1702 477 1818 535 contra

325 588 576 658 ’'''totum
600 593 761 667 mundum
785 601 937 676 poterant
959 591 1090 656 defendi
1112 612 1188 656 cum
1212 591 1380 657 facilitate
1425 591 1662 656 Verumtamen
1684 591 1819 668 obsessi,

468 714 531 778 tim
550 724 623 837 ptes
638 735 696 798 per
716 713 884 779 machinas
907 733 1019 777 muros
1040 733 1154 777 eorum
1178 734 1275 796 posse
1298 713 1371 790 ledi,
1387 733 1441 778 cra
1472 678 1492 776 's
1514 724 1547 777 et
1569 733 1682 779 saccos
1705 712 1821 797 plenos

449 734 579 920 aba&
595 846 801 919 paraverunt,
824 834 943 918 quibus
965 834 1049 899 ictus
1071 834 1221 919 lapidum
1244 856 1264 900 a
1287 835 1446 900 machinis
1468 835 1661 899 emissorum
1685 835 1822 899 luissent

471 955 595 1037 delusi3
618 957 756 1022 scientes
768 977 824 1020 eos
840 954 966 1039 lapides
982 954 1146 1021 remissius
1159 954 1267 1019 ledere
1279 976 1364 1039 quos
1375 956 1541 1022 obiectum
1559 956 1696 1049 mollius
1706 955 1822 1039 recipit
1859 918 1982 1023 &eff
1992 944 2015 987 s

61 1131 77 1185 s
106 1096 135 1153 ι)
470 1077 643 1162 proiectos.
689 1076 780 1159 Ergo
795 1076 838 1141 ab
854 1075 1027 1140 insultibus
1042 1086 1142 1158 atque
1158 1096 1327 1141 murorum
1348 1077 1561 1160 quassacione
1579 1098 1638 1141 rex
1654 1077 1823 1152 abstinuit,

61 1126 133 1237 λ’
195 1135 314 1325 effl-
296 1134 361 1239 s
392 1147 440 1256 Ἰ(
470 1200 620 1282 cogitans
642 1197 790 1264 consulte
812 1198 903 1281 quod
927 1197 1038 1299 fames
1060 1218 1125 1299 pue
1152 1197 1276 1262 foribus
1299 1198 1417 1264 clausis
1441 1199 1629 1307 ingreditur,
1653 1210 1764 1282 posset
1787 1208 1820 1263 et

471 1321 605 1386 deberet
624 1319 832 1384 obsessorum
855 1319 1043 1402 superbiam
1059 1319 1205 1384 domare.
1249 1318 1308 1383 Ab
1326 1319 1421 1383 arido
1437 1321 1479 1384 ad
1500 1341 1590 1384 mare
1612 1319 1823 1403 profundum,

156 1439 158 1442 ⁵
298 1464 414 1527 attempt
426 1469 453 1512 to
471 1463 516 1506 ex
530 1462 570 1506 ea
585 1451 679 1525 parte
697 1462 762 1525 qua
779 1440 989 1506 Bolonienses
1005 1439 1155 1505 solebant
1172 1439 1375 1505 Calesienses
1389 1441 1588 1520 victualiare,
1603 1462 1668 1506 non
1684 1442 1822 1505 navibus

297 1528 481 1645 appelle
473 1563 505 1627 in
521 1562 686 1647 profundo
707 1563 766 1626 eiis
789 1562 934 1646 proibito
952 1571 1001 1626 set
1024 1523 1270 1646 subefareffam
1282 1520 1382 1626 ’ῐιῖατί
1385 1524 1600 1646 expansffur
1625 1520 1824 1640 efficialiter,
1924 1622 1927 1627 .

473 1683 611 1749 batellas
627 1682 788 1767 replentes
802 1682 1008 1760 victualibus,
1020 1675 1151 1748 comes¹
1168 1682 1434 1766 Norhamptonie
1446 1583 1699 1768 fecitpasrgatam
1712 1705 1842 1781 sepem
1914 1650 2060 1729 lm&

188 1838 247 1909 ,³2
304 1874 320 1911 st
345 1838 408 1915 ‘iffa'
472 1826 530 1869 seu
551 1803 960 1903 paljcfflroibitorium
983 1802 1171 1867 huiusmodi
1195 1803 1357 1869 scalarum
1380 1825 1421 1868 ne
1438 1805 1650 1885 accederent3
1676 1818 1709 1871 et
1733 1817 1825 1890 post·
1900 1798 1905 1809 ’

197 1928 206 1935 “
474 1926 611 1990 modum
642 1923 792 1990 amirallo
822 1922 1024 1990 Francorum
1054 1923 1176 1988 volenti
1209 1944 1284 1990 cum
1315 1925 1446 2009 navigio
1479 1927 1646 2010 guerrario
1676 1927 1827 2011 Anglicis

474 2046 612 2110 navibus
641 2044 805 2123 insultare,
825 2054 862 2108 ut
889 2045 998 2110 medio
1021 2055 1170 2128 tempore
1192 2045 1315 2129 scaphe
1336 2046 1541 2111 victuliarent
1568 2048 1736 2114 obsessam
1762 2047 1826 2114 Ca·

475 2167 599 2245 lesiam,
622 2187 732 2232 comes
754 2165 1086 2271 Norhamptoniep
1041 2186 1062 2230 o
1049 2166 1168 2353 pvippe
1181 2167 1288 2273 ipsum
1312 2178 1464 2251 potenter
1486 2167 1621 2251 fugavit.
1640 2153 1690 2267 ξ

1105 2307 1179 2352 ne

300 2293 455 2345 amma
561 2287 688 2354 Taliter
709 2308 729 2353 a
749 2286 832 2352 sesto
852 2268 1045 2352 Natiuitatis
1066 2274 1103 2352 la
1200 2288 1306 2417 Marie
1308 2310 1384 2399 per
1401 2298 1508 2354 totam
1528 2311 1660 2374 yemem
1681 2301 1715 2357 et
1735 2312 1828 2374 mag·
1878 2371 1881 2377 ,

817 2486 938 2595 lacobi
958 2529 1105 2595 tirannus
1126 2530 1327 2596 Francorum
1347 2532 1479 2596 advenit
1495 2543 1639 2597 castmm
1655 2533 1696 2596 de
1715 2531 1828 2627 Gynes

300 2380 459 2512 {ffiffl
474 2429 551 2475 nam
568 2409 845 2596 panemffss
849 2367 1044 2544 sequesttfs
1042 2381 1214 2473 obsidione
1229 2368 1470 2499 invalescente
1471 2402 1535 2475 'die
1556 2409 1650 2475 Lune
1673 2413 1829 2495 proxima

301 2515 434 2640 Fpnoeto
474 2542 551 2596 ante
567 2531 687 2595 festum

475 2674 552 2719 cum
576 2652 724 2719 Iohanne
746 2673 807 2718 suo
830 2652 1052 2736 primogenito
1074 2662 1109 2717 et
1078 2650 1360 2762 ¹}thssss
1330 2652 1474 2739 Bpemie,
1490 2664 1607 2744 postea
1630 2654 1829 2762 imffiratore

478 2775 718 2851 Romanorum,
740 2774 937 2858 promittens
962 2794 1038 2839 cum
1066 2773 1249 2838 iuramento
1275 2775 1366 2857 quod
1393 2775 1599 2841 obsidionem
1625 2795 1741 2859 guerra
1770 2797 1828 2840 seu

478 2914 559 2976 pace
581 2905 760 2971 amoveret,
775 2904 842 2971 aut,
864 2892 1016 2977 Anglicis
1038 2893 1156 2971 invitis,
1179 2894 1331 2960 obsessos
1345 2894 1558 2960 victualiaret.
1595 2894 1746 2959 Tandem
1770 2917 1829 2978 ap·

302 3014 415 3131 {pam
479 3012 643 3097 propiavit
661 3032 737 3077 cum
755 3013 902 3078 exercitu
922 3013 980 3078 vix
998 3033 1058 3097 per
1079 3034 1180 3077 unum
1202 3014 1328 3078 miliare
1348 3014 1474 3078 distans
1496 3036 1516 3079 a
1534 3014 1688 3096 potencia
1710 3014 1831 3097 Angli·

303 3146 399 3197 Calais.
478 3152 602 3209 corum,
624 3142 667 3212 et,
690 3134 796 3218 petito
818 3153 877 3217 per
900 3133 1035 3197 nuncios
1057 3143 1199 3198 tractatu
1223 3134 1322 3218 pacis,
1344 3134 1453 3199 emisit
1479 3136 1597 3200 ducem
1624 3136 1769 3229 Datenes
1796 3146 1829 3200 et

479 3254 635 3319 comitem
658 3256 701 3320 de
724 3253 879 3320 Burbone
901 3264 936 3319 et
964 3253 1180 3349 Darmynak3
1214 3256 1280 3337 qui,
1303 3275 1377 3320 cum
1400 3258 1421 3322 d
1446 3277 1482 3322 ce
1505 3226 1697 3321 [ancastrie
1720 3267 1753 3320 et
1775 3277 1830 3322 co·

480 3375 614 3441 mitibus
637 3375 902 3461 Norhamptonie
923 3384 957 3441 et
981 3348 1233 3441 lluntinkdonie
1256 3378 1298 3442 de
1320 3378 1443 3462 treugis
1464 3388 1651 3455 tractantes,
1677 3398 1743 3441 non
1769 3399 1830 3462 po·

305 3513 425 3564 Fmioeu
479 3508 612 3562 tuerunt
627 3517 797 3563 assensum
812 3496 1031 3582 Anglicorum
1047 3498 1231 3581 optineres<
1240 3498 1349 3577 Unde,
1365 3510 1441 3581 post
1462 3499 1627 3583 guerraria
1643 3499 1831 3576 hastiludia,

303 3581 413 3696 iffi?
479 3630 590 3703 partes
620 3629 758 3704 utreque
792 3620 835 3685 ad
870 3640 930 3683 sua
966 3618 1108 3684 tentoria
1143 3628 1219 3685 sunt
1250 3626 1384 3685 reve'rse.
1439 3621 1504 3685 Die
1535 3621 1678 3685 secunda
1709 3620 1831 3703 optulit

305 3754 405 3821 signal·
478 3741 626 3807 tirannus
656 3741 745 3805 diem
775 3740 946 3824 preliandi,
970 3760 1069 3825 quem
1096 3760 1156 3804 rex
1183 3739 1307 3825 Anglie
1333 3740 1471 3806 libenter
1497 3741 1649 3824 suscepit.
1694 3740 1830 3806 Obsessi

304 3820 441 3937 lrbllsff
480 3861 603 3927 interea
624 3882 683 3946 per
703 3863 798 3946 signa
820 3883 916 3927 suum
938 3871 1062 3926 statum
1081 3861 1209 3927 tiranno
1230 3862 1431 3928 Francorum
1450 3862 1593 3926 lecerunt
1613 3861 1831 3939 manifestum,

305 3950 489 4018 besieged.
480 3983 513 4047 iu
535 3984 643 4067 primo
665 4003 785 4068 nempe
810 3984 953 4049 adventu
979 3982 1097 4047 tiranni
1123 3994 1298 4049 erexerunt
1320 3984 1389 4049 eius
1410 3982 1570 4048 vexillum
1595 4003 1693 4067 super
1715 3983 1831 4047 turrim

480 4064 828 4190 principalerrTms‘tii,
852 4104 932 4170 alias
956 4125 1089 4188 quoque
1113 4115 1219 4171 turres
1244 4105 1375 4171 vexillis
1402 4106 1523 4171 ducum
1547 4113 1581 4169 et
1608 4104 1765 4171 comitum
1789 4104 1832 4168 de

1097 4241 1106 4274 ¹
1125 4259 1178 4310 om.
1197 4245 1231 4299 B.
