4282 4890
467 262 512 351 54
825 318 829 329 .
917 276 1163 360 canopicon
1184 279 1389 334 carram!

805 356 859 379 -ψ

2006 448 2009 453 -
2029 416 2060 481 Η,

294 478 450 580 siffis—84.
470 469 590 534 iturum
620 470 1181 577 iQropriis
1211 474 1407 556 sumptibus,
1438 481 1488 537 set
1518 474 1561 538 ad
1592 474 1655 539 hoc
1686 487 1820 559 tempus
1960 468 2031 579 ᾖ.)

469 603 594 656 certum
614 613 680 657 non
701 593 871 677 expressit.
919 592 1094 658 Ordinavit
1116 605 1228 658 tamen
1249 594 1531 678 archiepiscopum
1551 594 1819 662 Cantuariensem
1871 556 1947 701 Ὁύ-

468 713 511 777 ad
533 735 655 798 papam
676 724 710 779 et
731 735 842 799 regem
867 714 1002 779 Francie
1018 713 1251 798 proiecturum,
1267 726 1302 779 ut
1325 727 1462 798 possent
1484 716 1622 800 predicti
1645 738 1747 800 reges,
1763 718 1820 800 qui

468 836 615 900 nondum
640 836 766 902 lucrant
793 838 824 900 in
849 857 1000 920 guerram
1028 837 1198 914 commoti,
1224 837 1370 901 unanimi
1396 836 1551 903 assensu¹
1578 849 1648 903 tam
1671 850 1820 905 sanctam

468 957 768 1042 peregrinacionem
790 956 888 1022 simul
911 958 1061 1042 arripere.
1313 988 1348 1003 ··
1377 1002 1401 1064 c
1581 966 1584 975 '
1682 934 1695 987 ¹

332 1036 336 1041 ·
1326 1044 1336 1065 ,
1393 1018 1684 1069 ν’·ΜαΆκ-ᾛ·

293 1074 384 1191 affl
557 1080 686 1144 Eodem
711 1100 806 1157 anno,
831 1080 939 1164 primo
962 1081 1015 1145 die
1038 1079 1241 1158 Decembris,
1264 1079 1430 1145 transtulit
1445 1079 1620 1146 dominus²
1638 1103 1728 1166 papa
1750 1103 1821 1147 ma·

291 1205 427 1322 W
468 1200 608 1283 gistmm
627 1199 741 1267 Adam
760 1202 802 1266 de
819 1200 1010 1276 Horletone‚
1027 1211 1124 1266 antea
1142 1202 1334 1285 episcopum
1355 1201 1631 1268 Herelordensem
1653 1215 1687 1268 et
1705 1213 1822 1287 postea

293 1300 403 1399 chester,
467 1320 751 1405 Wygorniensem,
774 1323 817 1388 ad
847 1322 1018 1388 ecclesiam
1041 1321 1325 1406 Wyntoniensem,
1348 1319 1436 1389 unde
1457 1323 1593 1406 quidam
1615 1324 1662 1389 sic
1685 1323 1822 1390 metrifi-

296 1417 306 1452 1
319 1404 381 1454 Dee
530 1443 537 1456 .

300 1471 396 1534 (1333,)
467 1454 573 1508 cavlt:

786 1529 943 1585 ‘Thomam
962 1530 1089 1600 neclexit,
1108 1530 1269 1585 Wlstanum
1287 1546 1344 1584 non
1363 1529 1435 1585 bene
1452 1528 1530 1599 rexit,

813 1599 1015 1707 Q
1033 1598 1324 1688 voluitf'ffi'ifffiria
1342 1618 1403 1688 plus
1423 1617 1528 1675 valuit.¹

469 1759 509 1825 ld
535 1769 595 1836 est,
620 1759 724 1824 dicior
745 1759 882 1824 ecclesia
905 1759 976 1823 suit.
1024 1759 1121 1824 Hanc
1144 1758 1397 1824 translacionem
1423 1758 1595 1843 Philippus
1622 1762 1664 1826 de
1686 1759 1821 1826 Valesio

463 1883 657 2014 Q
671 1881 809 1945 Francie
830 1880 899 1946 fieri
919 1881 1117 1965 procuravit,
1135 1891 1169 1946 et
1187 1902 1249 1965 pro
1271 1879 1326 1945 illa
1345 1902 1420 1946 suas
1436 1901 1548 1964 preces
1563 1903 1694 1947 summo
1713 1883 1822 1965 ponti-

469 2000 521 2066 fici
545 2000 774 2086 multiplicavit
786 2024 795 2078 ;
816 2012 866 2068 set
887 2003 984 2067 istam
1004 2002 1158 2067 dominus
1179 2022 1238 2066 rex
1260 2000 1385 2085 Anglie
1407 2002 1464 2067 diu
1487 2001 1616 2067 distulit
1637 2013 1821 2086 acceptare,

469 2123 641 2206 imponens
658 2122 824 2207 episcopo,
843 2124 909 2188 iam
932 2123 997 2187 alia
1014 2124 1085 2188 vice
1101 2123 1271 2201 translato,
1293 2123 1383 2205 quod
1403 2144 1463 2206 pro
1486 2134 1635 2207 tempore
1653 2144 1711 2188 sue
1733 2123 1822 2207 lega-

468 2244 572 2310 cionis
594 2246 637 2310 ad
661 2266 772 2329 regem
796 2245 996 2311 Francorum
1015 2242 1099 2330 (erat
1119 2246 1205 2309 enim
1224 2242 1296 2309 hic⁴
1311 2245 1448 2309 nuncius
1465 2245 1533 2329 regi
1555 2243 1748 2330 coronato⁶l
1764 2244 1823 2309 eii¹

469 2365 543 2450 plus
562 2365 685 2450 placuit
701 2387 801 2449 quam
818 2367 924 2435 fidelis
944 2365 1101 2432 nuncius¹
1117 2367 1226 2451 potuit
1247 2367 1279 2430 in
1302 2365 1359 2431 illo
1379 2385 1465 2443 casu,
1485 2375 1517 2430 et
1538 2367 1583 2431 ob
1603 2365 1666 2431 hoc
1686 2367 1823 2449 negocia

468 2487 596 2552 domini
616 2484 683 2552 sui⁸
707 2487 792 2571 regis
812 2486 999 2572 Anglorum
1019 2488 1177 2553 inutiliter
1197 2497 1230 2552 et
1251 2486 1331 2552 salse
1352 2488 1548 2571 procuravit,
1569 2496 1602 2551 et
1622 2485 1704 2552 illud
1723 2486 1823 2552 fuisse

469 2628 603 2674 causam
625 2609 734 2711 gracie
757 2609 886 2674 invente
908 2609 940 2673 in
961 2620 1139 2714 conspectu
1162 2608 1300 2693 predicti
1322 2608 1536 2692 seudo·regis‚
1558 2608 1615 2691 qui
1638 2608 1720 2674 alias
1742 2629 1823 2673 nun-

468 2749 569 2812 quam
594 2739 737 2794 curasset
760 2729 802 2793 de
825 2731 1036 2813 promocione
1060 2730 1156 2795 unius
1179 2728 1323 2813 Anglici,
1346 2728 1404 2811 qui
1427 2749 1595 2812 nunquam
1618 2728 1820 2812 Anglicum¹

470 2850 599 2928 dilexit,
625 2871 732 2933 neque
756 2861 850 2934 pater
876 2872 962 2928 suus,
987 2863 1022 2916 ut
1051 2873 1150 2935 supra
1177 2852 1283 2934 patuit
1308 2860 1341 2915 et
1365 2849 1446 2915 infra
1471 2850 1641 2942 patebit*
1653 2850 1823 2933 Allegavit

470 2972 588 3036 iterum
611 2982 725 3036 contra
741 2970 936 3035 translatum
957 2975 1046 3054 quod
1068 2983 1241 3056 promotus
1262 2971 1347 3055 regis
1365 2970 1566 3036 Francorum
1587 2970 1724 3035 faciliter
1744 2991 1822 3035 con·

470 3102 649 3157 verteretur
672 3092 704 3154 in
726 3093 776 3155 sui
800 3092 1024 3174 prodicionem
1048 3115 1108 3176 pro
1129 3114 1189 3157 suo
1211 3100 1409 3175 promotore,
1424 3093 1481 3174 qui
1501 3111 1657 3156 coronam
1678 3090 1823 3168 Francie,

472 3215 540 3277 iure
555 3213 752 3277 hereditario
771 3213 833 3275 sibi
849 3212 1008 3289 debitam,
1023 3222 1056 3277 et
1078 3213 1317 3297 possessionem
1341 3220 1476 3295 patrum
1499 3210 1670 3277 suorum¹⁰
1691 3213 1723 3276 in
1738 3212 1823 3277 Vas-

472 3333 599 3401 conia¹¹
627 3344 741 3400 contra
771 3334 933 3399 iusticiam
959 3334 1023 3399 Dei
1049 3346 1082 3399 ct
1108 3335 1280 3401 hominum
1310 3333 1394 3400 salso
1424 3335 1564 3399 detinuit
1591 3344 1624 3398 et
1654 3335 1822 3399 violenter.

472 3458 545 3521 Nec
565 3457 694 3521 racione
716 3456 804 3521 curie
827 3455 979 3521 Romane
1003 3453 1167 3540 poterat¹¹
1186 3456 1365 3522 translatus
1386 3457 1453 3541 regi
1477 3455 1614 3540 placere,
1630 3457 1716 3539 quia,
1730 3456 1823 3522 sicud

471 3578 532 3643 suit
554 3577 743 3661 allegatum,
765 3576 918 3641 dominus
942 3598 1000 3641 rex
1023 3575 1147 3661 Anglie
1169 3578 1298 3661 scripsit
1321 3578 1457 3643 domino
1481 3598 1567 3662 pape
1591 3598 1651 3661 pro
1670 3597 1735 3641 uno
1758 3576 1824 3643 alio

479 3700 662 3766 clericosuo
671 3699 713 3763 ad
724 3697 815 3762 illum
825 3700 1052 3782 episcopatum
1069 3700 1310 3782 promovendo,
1322 3699 1663 3784 impacientcrserrens
1678 3696 1825 3782 preces¹⁸

474 3821 560 3907 regis
573 3820 775 3884 Francorum
791 3821 950 3885 attencius
966 3840 1067 3902 quam
1083 3840 1160 3885 suas
1172 3821 1214 3886 de
1225 3817 1421 3905 episcopis¹⁴
1437 3820 1469 3884 in
1484 3840 1544 3884 suo
1560 3839 1661 3903 regno
1676 3819 1826 3884 creandis

508 3977 516 4010 ¹
536 3978 674 4057 assensui.
693 3980 726 4034 B.
904 3977 914 4011 ¹
931 3996 985 4034 om.
1005 3981 1037 4035 B.
1215 3976 1298 4036 ὀνκ.
1318 3981 1350 4035 C.
1516 3976 1528 4008 ¹
1547 3977 1577 4033 i⁰.
1596 3979 1630 4033 B.

508 4063 520 4097 ¹
537 4068 602 4138 regi
611 4065 753 4138 coronato]
767 4067 849 4138 regis.
868 4068 901 4123 B.
1096 4066 1107 4100 ⁶
1124 4085 1177 4124 om.
1198 4070 1230 4124 C.
1424 4063 1436 4097 ¹
1453 4065 1648 4123 embassiator.
1667 4068 1699 4122 C.

511 4154 522 4184 ⁸
540 4173 594 4210 om.
614 4158 647 4212 C.
788 4153 799 4187 ¹
816 4157 870 4227 qui
880 4172 966 4226 nunq.
978 4153 1083 4228 Angi]
1097 4157 1181 4228 Angl.
1193 4155 1270 4212 enim
1281 4171 1433 4226 nunquam.
1453 4157 1485 4212 C.
1628 4152 1719 4210 ¹⁰>om.
1739 4156 1772 4210 B.

510 4240 529 4274 ¹¹
548 4241 707 4300 Wasconia.
728 4246 759 4300 C.
903 4242 924 4274 ¹¹
942 4243 1052 4315 poterit.
1073 4246 1106 4299 B.
1250 4242 1271 4275 ¹¹
1289 4260 1425 4315 proceres.
1446 4244 1478 4299 C.
1620 4240 1642 4274 ¹¹
1661 4241 1737 4313 ipsis.
1757 4245 1790 4297 B.

86 4604 126 4707 x
165 4666 344 4765 ⁹2³·qu
378 4682 404 4737 ¹3·
439 4632 592 4751 ¹3¹¹}
650 4649 847 4750 &aduldis
880 4664 893 4747 ’ς
923 4642 1160 4747 ‘'il-siipw(
1194 4605 1354 4785 ip}
1392 4666 1395 4671 ·
1638 4635 1656 4705 Ι,
1719 4580 1796 4703 sis
1849 4616 2010 4675 ’Μ’-Ἅι.
2037 4612 2088 4675 ³¹0

182 4771 235 4850 Al
281 4812 328 4849 nr
405 4814 417 4849 r
489 4786 699 4849 Ιν-,ὅ,.-,’,
754 4782 845 4850 [ν
896 4804 1074 4850 ΗΑΛ
