<?xml version="1.0" encoding="UTF-8"?>
<!DOCTYPE html PUBLIC "-//W3C//DTD XHTML 1.0 Transitional//EN"
    "http://www.w3.org/TR/xhtml1/DTD/xhtml1-transitional.dtd">
<html xmlns="http://www.w3.org/1999/xhtml" xml:lang="en" lang="en">
 <head>
  <title>
</title>
<meta http-equiv="Content-Type" content="text/html;charset=utf-8" />
  <meta name='ocr-system' content='tesseract 3.04.00' />
  <meta name='ocr-capabilities' content='ocr_page ocr_carea ocr_par ocr_line ocrx_word'/>
</head>
<body>
  <div class='ocr_page' id='page_1' title='image "./chronicongalfri00thomgoog_0376.png"; bbox 0 0 4282 4890; ppageno 0'>
   <div class='ocr_carea' id='block_1_1' title="bbox 559 294 1554 378">
    <p class='ocr_par' dir='ltr' id='par_1_1' title="bbox 559 294 1554 378">
     <span class='ocr_line' id='line_1_1' title="bbox 559 294 1554 378; baseline -0.002 -20"><span class='ocrx_word' id='word_1_1' title='bbox 559 304 615 358; x_wconf 77' lang='lat' dir='ltr'><strong>ze</strong></span> <span class='ocrx_word' id='word_1_2' title='bbox 637 302 784 358; x_wconf 67' lang='lat' dir='ltr'><strong>aaran</strong></span> <span class='ocrx_word' id='word_1_3' title='bbox 805 302 865 358; x_wconf 71' lang='lat' dir='ltr'><strong>ne</strong></span> <span class='ocrx_word' id='word_1_4' title='bbox 886 302 1197 360; x_wconf 72' lang='lat' dir='ltr'><strong>sWuuesnonE.</strong></span> <span class='ocrx_word' id='word_1_5' title='bbox 1493 294 1554 378; x_wconf 85' lang='lat'><strong>169</strong></span> 
     </span>
    </p>
   </div>
   <div class='ocr_carea' id='block_1_2' title="bbox 198 502 1936 3369">
    <p class='ocr_par' dir='ltr' id='par_1_2' title="bbox 199 502 1555 587">
     <span class='ocr_line' id='line_1_2' title="bbox 199 502 1555 587; baseline -0.001 -18"><span class='ocrx_word' id='word_1_6' title='bbox 199 504 280 569; x_wconf 91' lang='lat' dir='ltr'><strong>locis</strong></span> <span class='ocrx_word' id='word_1_7' title='bbox 304 513 468 569; x_wconf 88' lang='lat' dir='ltr'><strong>metentes</strong></span> <span class='ocrx_word' id='word_1_8' title='bbox 490 523 551 587; x_wconf 94' lang='lat' dir='ltr'><strong>pro</strong></span> <span class='ocrx_word' id='word_1_9' title='bbox 574 503 676 566; x_wconf 92' lang='lat' dir='ltr'><strong>nimio</strong></span> <span class='ocrx_word' id='word_1_10' title='bbox 699 503 808 568; x_wconf 89' lang='lat' dir='ltr'><strong>calore</strong></span> <span class='ocrx_word' id='word_1_11' title='bbox 831 503 864 567; x_wconf 95' lang='lat' dir='ltr'><strong>in</strong></span> <span class='ocrx_word' id='word_1_12' title='bbox 887 503 1014 587; x_wconf 90' lang='lat' dir='ltr'><strong>campis</strong></span> <span class='ocrx_word' id='word_1_13' title='bbox 1037 503 1272 581; x_wconf 88' lang='lat' dir='ltr'><strong>moriebantur,</strong></span> <span class='ocrx_word' id='word_1_14' title='bbox 1292 513 1326 567; x_wconf 91' lang='lat' dir='ltr'><strong>et</strong></span> <span class='ocrx_word' id='word_1_15' title='bbox 1348 502 1555 568; x_wconf 83' lang='lat' dir='ltr'>vendebatur</span> 
     </span>
    </p>

    <p class='ocr_par' dir='ltr' id='par_1_3' title="bbox 198 622 1653 709">
     <span class='ocr_line' id='line_1_3' title="bbox 198 622 1653 709; baseline -0.002 -19"><span class='ocrx_word' id='word_1_16' title='bbox 198 625 401 708; x_wconf 87' lang='lat' dir='ltr'><strong>quarterium</strong></span> <span class='ocrx_word' id='word_1_17' title='bbox 417 623 572 688; x_wconf 84' lang='lat' dir='ltr'><strong>frumenti</strong></span> <span class='ocrx_word' id='word_1_18' title='bbox 589 643 649 708; x_wconf 90' lang='lat' dir='ltr'><strong>pro</strong></span> <span class='ocrx_word' id='word_1_19' title='bbox 665 622 732 706; x_wconf 90' lang='lat' dir='ltr'><strong>xvj.</strong></span> <span class='ocrx_word' id='word_1_20' title='bbox 749 624 901 690; x_wconf 92' lang='lat' dir='ltr'><strong>denariis.</strong></span> <span class='ocrx_word' id='word_1_21' title='bbox 940 623 1071 690; x_wconf 90' lang='lat' dir='ltr'><strong>Eodem</strong></span> <span class='ocrx_word' id='word_1_22' title='bbox 1083 645 1171 688; x_wconf 87' lang='lat' dir='ltr'><strong>anno</strong></span> <span class='ocrx_word' id='word_1_23' title='bbox 1187 632 1258 687; x_wconf 89' lang='lat' dir='ltr'><strong>erat</strong></span> <span class='ocrx_word' id='word_1_24' title='bbox 1274 624 1378 690; x_wconf 89' lang='lat' dir='ltr'><strong>maior</strong></span> <span class='ocrx_word' id='word_1_25' title='bbox 1389 644 1465 708; x_wconf 89' lang='lat' dir='ltr'><strong>pars</strong></span> <span class='ocrx_word' id='word_1_26' title='bbox 1476 623 1554 688; x_wconf 91' lang='lat' dir='ltr'><strong>ville</strong></span> <span class='ocrx_word' id='word_1_27' title='bbox 1650 704 1653 709; x_wconf 82' lang='lat'><strong>.</strong></span> 
     </span>
    </p>

    <p class='ocr_par' dir='ltr' id='par_1_4' title="bbox 199 744 1553 829">
     <span class='ocr_line' id='line_1_4' title="bbox 199 744 1553 829; baseline -0.001 -17"><span class='ocrx_word' id='word_1_28' title='bbox 199 747 303 812; x_wconf 92' lang='lat' dir='ltr'><strong>sancti</strong></span> <span class='ocrx_word' id='word_1_29' title='bbox 327 744 484 829; x_wconf 92' lang='lat' dir='ltr'><strong>Botulphi</strong></span> <span class='ocrx_word' id='word_1_30' title='bbox 506 765 581 808; x_wconf 90' lang='lat' dir='ltr'><strong>cum</strong></span> <span class='ocrx_word' id='word_1_31' title='bbox 598 746 702 808; x_wconf 93' lang='lat' dir='ltr'><strong>domo</strong></span> <span class='ocrx_word' id='word_1_32' title='bbox 722 744 858 809; x_wconf 84' lang='lat' dir='ltr'><strong>fratrum</strong></span> <span class='ocrx_word' id='word_1_33' title='bbox 881 744 1129 810; x_wconf 87' lang='lat' dir='ltr'><strong>Predicatorum</strong></span> <span class='ocrx_word' id='word_1_34' title='bbox 1148 745 1331 824; x_wconf 87' lang='lat' dir='ltr'><strong>combusta,</strong></span> <span class='ocrx_word' id='word_1_35' title='bbox 1351 753 1385 809; x_wconf 91' lang='lat' dir='ltr'><strong>et</strong></span> <span class='ocrx_word' id='word_1_36' title='bbox 1407 745 1553 810; x_wconf 88' lang='lat' dir='ltr'><strong>nundine</strong></span> 
     </span>
    </p>

    <p class='ocr_par' dir='ltr' id='par_1_5' title="bbox 198 863 1553 952">
     <span class='ocr_line' id='line_1_5' title="bbox 198 863 1553 952; baseline -0.001 -21"><span class='ocrx_word' id='word_1_37' title='bbox 198 887 258 952; x_wconf 93' lang='lat' dir='ltr'><strong>per</strong></span> <span class='ocrx_word' id='word_1_38' title='bbox 269 869 433 950; x_wconf 92' lang='lat' dir='ltr'><strong>quosdam</strong></span> <span class='ocrx_word' id='word_1_39' title='bbox 449 864 593 930; x_wconf 89' lang='lat' dir='ltr'><strong>latrones</strong></span> <span class='ocrx_word' id='word_1_40' title='bbox 608 864 769 947; x_wconf 88' lang='lat' dir='ltr'><strong>spoliate;</strong></span> <span class='ocrx_word' id='word_1_41' title='bbox 793 863 883 929; x_wconf 86' lang='lat' dir='ltr'><strong>nam¹</strong></span> <span class='ocrx_word' id='word_1_42' title='bbox 898 865 1035 948; x_wconf 88' lang='lat' dir='ltr'><strong>quidam</strong></span> <span class='ocrx_word' id='word_1_43' title='bbox 1051 864 1125 931; x_wconf 85' lang='lat' dir='ltr'><strong>falsi</strong></span> <span class='ocrx_word' id='word_1_44' title='bbox 1140 865 1294 949; x_wconf 86' lang='lat' dir='ltr'><strong>armigeri</strong></span> <span class='ocrx_word' id='word_1_45' title='bbox 1310 863 1553 931; x_wconf 81' lang='lat' dir='ltr'><strong>condixerunt²</strong></span> 
     </span>
    </p>

    <p class='ocr_par' dir='ltr' id='par_1_6' title="bbox 198 983 1553 1075">
     <span class='ocr_line' id='line_1_6' title="bbox 198 983 1553 1075; baseline -0.001 -23"><span class='ocrx_word' id='word_1_46' title='bbox 198 988 241 1053; x_wconf 92' lang='lat' dir='ltr'><strong>ad</strong></span> <span class='ocrx_word' id='word_1_47' title='bbox 262 986 411 1062; x_wconf 91' lang='lat' dir='ltr'><strong>invicem,</strong></span> <span class='ocrx_word' id='word_1_48' title='bbox 432 995 469 1050; x_wconf 93' lang='lat' dir='ltr'><strong>ut</strong></span> <span class='ocrx_word' id='word_1_49' title='bbox 486 985 680 1075; x_wconf 58' lang='lat' dir='ltr'><strong>quoddam?</strong></span> <span class='ocrx_word' id='word_1_50' title='bbox 703 984 929 1059; x_wconf 89' lang='lat' dir='ltr'><strong>hastiludium,</strong></span> <span class='ocrx_word' id='word_1_51' title='bbox 949 988 1039 1069; x_wconf 94' lang='lat' dir='ltr'><strong>quod</strong></span> <span class='ocrx_word' id='word_1_52' title='bbox 1060 983 1213 1051; x_wconf 90' lang='lat' dir='ltr'><strong>‘burdiz’</strong></span> <span class='ocrx_word' id='word_1_53' title='bbox 1235 986 1384 1060; x_wconf 84' lang='lat' dir='ltr'><strong>dicimus,</strong></span> <span class='ocrx_word' id='word_1_54' title='bbox 1407 985 1553 1050; x_wconf 91' lang='lat' dir='ltr'><strong>celebra·</strong></span> 
     </span>
    </p>

    <p class='ocr_par' dir='ltr' id='par_1_7' title="bbox 200 1102 1553 1310">
     <span class='ocr_line' id='line_1_7' title="bbox 200 1102 1508 1190; baseline -0.002 -18"><span class='ocrx_word' id='word_1_55' title='bbox 200 1120 270 1173; x_wconf 94' lang='lat' dir='ltr'><strong>rent</strong></span> <span class='ocrx_word' id='word_1_56' title='bbox 286 1108 409 1173; x_wconf 91' lang='lat' dir='ltr'><strong>ibidem</strong></span> <span class='ocrx_word' id='word_1_57' title='bbox 426 1117 576 1189; x_wconf 91' lang='lat' dir='ltr'><strong>tempore</strong></span> <span class='ocrx_word' id='word_1_58' title='bbox 591 1102 820 1183; x_wconf 87' lang='lat' dir='ltr'><strong>nundinarum,</strong></span> <span class='ocrx_word' id='word_1_59' title='bbox 837 1115 873 1170; x_wconf 94' lang='lat' dir='ltr'><strong>ut</strong></span> <span class='ocrx_word' id='word_1_60' title='bbox 889 1115 983 1171; x_wconf 88' lang='lat' dir='ltr'><strong>tante</strong></span> <span class='ocrx_word' id='word_1_61' title='bbox 999 1107 1161 1171; x_wconf 89' lang='lat' dir='ltr'><strong>nundinas</strong></span> <span class='ocrx_word' id='word_1_62' title='bbox 1176 1106 1366 1190; x_wconf 85' lang='lat' dir='ltr'><strong>spoliarent.</strong></span> <span class='ocrx_word' id='word_1_63' title='bbox 1449 1107 1508 1170; x_wconf 88' lang='lat' dir='ltr'><strong>lix.</strong></span> 
     </span>
     <span class='ocr_line' id='line_1_8' title="bbox 287 1226 1553 1310; baseline 0.002 -18"><span class='ocrx_word' id='word_1_64' title='bbox 287 1243 438 1293; x_wconf 84' lang='lat' dir='ltr'><strong>M.cc.xc.</strong></span> <span class='ocrx_word' id='word_1_65' title='bbox 493 1226 639 1291; x_wconf 90' lang='lat' dir='ltr'><strong>Domina</strong></span> <span class='ocrx_word' id='word_1_66' title='bbox 663 1226 824 1292; x_wconf 87' lang='lat' dir='ltr'><strong>Alienora</strong></span> <span class='ocrx_word' id='word_1_67' title='bbox 854 1228 966 1310; x_wconf 87' lang='lat' dir='ltr'><strong>regina</strong></span> <span class='ocrx_word' id='word_1_68' title='bbox 997 1227 1124 1309; x_wconf 86' lang='lat' dir='ltr'><strong>Anglie</strong></span> <span class='ocrx_word' id='word_1_69' title='bbox 1154 1229 1247 1292; x_wconf 93' lang='lat' dir='ltr'><strong>obiit.</strong></span> <span class='ocrx_word' id='word_1_70' title='bbox 1302 1228 1434 1294; x_wconf 88' lang='lat' dir='ltr'><strong>Eodem</strong></span> <span class='ocrx_word' id='word_1_71' title='bbox 1465 1249 1553 1294; x_wconf 93' lang='lat' dir='ltr'><strong>anno</strong></span> 
     </span>
    </p>

    <p class='ocr_par' dir='ltr' id='par_1_8' title="bbox 200 1345 1554 1554">
     <span class='ocr_line' id='line_1_9' title="bbox 200 1345 1509 1431; baseline 0.001 -18"><span class='ocrx_word' id='word_1_72' title='bbox 200 1350 295 1415; x_wconf 90' lang='lat' dir='ltr'><strong>eiecti</strong></span> <span class='ocrx_word' id='word_1_73' title='bbox 311 1357 404 1413; x_wconf 90' lang='lat' dir='ltr'><strong>erant</strong></span> <span class='ocrx_word' id='word_1_74' title='bbox 419 1367 534 1411; x_wconf 89' lang='lat' dir='ltr'><strong>omnes</strong></span> <span class='ocrx_word' id='word_1_75' title='bbox 551 1347 644 1411; x_wconf 90' lang='lat' dir='ltr'><strong>ludei</strong></span> <span class='ocrx_word' id='word_1_76' title='bbox 660 1348 703 1411; x_wconf 90' lang='lat' dir='ltr'><strong>ab</strong></span> <span class='ocrx_word' id='word_1_77' title='bbox 718 1345 852 1430; x_wconf 86' lang='lat' dir='ltr'><strong>Anglia.</strong></span> <span class='ocrx_word' id='word_1_78' title='bbox 1443 1348 1509 1431; x_wconf 90' lang='lat' dir='ltr'><strong>lvij.</strong></span> 
     </span>
     <span class='ocr_line' id='line_1_10' title="bbox 288 1466 1554 1554; baseline 0.001 -21"><span class='ocrx_word' id='word_1_79' title='bbox 288 1467 462 1551; x_wconf 85' lang='lat' dir='ltr'><strong>M.cc.xcij.</strong></span> <span class='ocrx_word' id='word_1_80' title='bbox 508 1467 642 1532; x_wconf 92' lang='lat' dir='ltr'><strong>Mortuo</strong></span> <span class='ocrx_word' id='word_1_81' title='bbox 657 1466 856 1531; x_wconf 85' lang='lat' dir='ltr'><strong>Alexandro</strong></span> <span class='ocrx_word' id='word_1_82' title='bbox 872 1488 950 1551; x_wconf 86' lang='lat' dir='ltr'><strong>rege</strong></span> <span class='ocrx_word' id='word_1_83' title='bbox 967 1466 1092 1542; x_wconf 89' lang='lat' dir='ltr'><strong>Seocie‚</strong></span> <span class='ocrx_word' id='word_1_84' title='bbox 1108 1488 1269 1533; x_wconf 87' lang='lat' dir='ltr'><strong>consensu</strong></span> <span class='ocrx_word' id='word_1_85' title='bbox 1287 1469 1443 1534; x_wconf 87' lang='lat' dir='ltr'><strong>Edwardi</strong></span> <span class='ocrx_word' id='word_1_86' title='bbox 1468 1470 1554 1554; x_wconf 84' lang='lat' dir='ltr'><strong>regis</strong></span> 
     </span>
    </p>

    <p class='ocr_par' dir='ltr' id='par_1_9' title="bbox 199 1587 1554 1674">
     <span class='ocr_line' id='line_1_11' title="bbox 199 1587 1554 1674; baseline 0.001 -20"><span class='ocrx_word' id='word_1_87' title='bbox 199 1591 325 1674; x_wconf 84' lang='lat' dir='ltr'><strong>Anglie</strong></span> <span class='ocrx_word' id='word_1_88' title='bbox 350 1589 512 1655; x_wconf 87' lang='lat' dir='ltr'><strong>Iohannes</strong></span> <span class='ocrx_word' id='word_1_89' title='bbox 534 1591 577 1652; x_wconf 92' lang='lat' dir='ltr'><strong>de</strong></span> <span class='ocrx_word' id='word_1_90' title='bbox 601 1587 729 1652; x_wconf 91' lang='lat' dir='ltr'><strong>Baliolo</strong></span> <span class='ocrx_word' id='word_1_91' title='bbox 753 1588 785 1651; x_wconf 92' lang='lat' dir='ltr'><strong>in</strong></span> <span class='ocrx_word' id='word_1_92' title='bbox 813 1608 925 1670; x_wconf 86' lang='lat' dir='ltr'><strong>regem</strong></span> <span class='ocrx_word' id='word_1_93' title='bbox 953 1588 1069 1653; x_wconf 88' lang='lat' dir='ltr'><strong>Scocie</strong></span> <span class='ocrx_word' id='word_1_94' title='bbox 1096 1590 1237 1673; x_wconf 86' lang='lat' dir='ltr'><strong>eligitur,</strong></span> <span class='ocrx_word' id='word_1_95' title='bbox 1268 1600 1302 1655; x_wconf 92' lang='lat' dir='ltr'><strong>et</strong></span> <span class='ocrx_word' id='word_1_96' title='bbox 1324 1590 1443 1655; x_wconf 90' lang='lat' dir='ltr'><strong>eodem</strong></span> <span class='ocrx_word' id='word_1_97' title='bbox 1467 1612 1554 1656; x_wconf 89' lang='lat' dir='ltr'><strong>anno</strong></span> 
     </span>
    </p>

    <p class='ocr_par' dir='ltr' id='par_1_10' title="bbox 199 1687 1657 1914">
     <span class='ocr_line' id='line_1_12' title="bbox 199 1687 1657 1806; baseline -0.003 -27"><span class='ocrx_word' id='word_1_98' title='bbox 199 1722 381 1779; x_wconf 86' lang='lat' dir='ltr'><strong>coronatur.</strong></span> <span class='ocrx_word' id='word_1_99' title='bbox 652 1791 660 1806; x_wconf 34' lang='grc' dir='ltr'>Ι</span> <span class='ocrx_word' id='word_1_100' title='bbox 1467 1710 1510 1775; x_wconf 86' lang='grc' dir='ltr'><strong>Ιν.</strong></span> <span class='ocrx_word' id='word_1_101' title='bbox 1628 1687 1657 1697; x_wconf 39' lang='lat'><strong>¹¹</strong></span> 
     </span>
     <span class='ocr_line' id='line_1_13' title="bbox 288 1829 1607 1914; baseline 0.002 -18"><span class='ocrx_word' id='word_1_102' title='bbox 288 1830 483 1913; x_wconf 73' lang='lat' dir='ltr'><strong>mccxciiij.</strong></span> <span class='ocrx_word' id='word_1_103' title='bbox 530 1829 653 1894; x_wconf 86' lang='lat' dir='ltr'><strong>Madoc</strong></span> <span class='ocrx_word' id='word_1_104' title='bbox 676 1840 709 1894; x_wconf 90' lang='lat' dir='ltr'><strong>et</strong></span> <span class='ocrx_word' id='word_1_105' title='bbox 737 1830 889 1913; x_wconf 87' lang='lat' dir='ltr'><strong>Morgan‚</strong></span> <span class='ocrx_word' id='word_1_106' title='bbox 912 1831 1145 1913; x_wconf 87' lang='lat' dir='ltr'><strong>consanguinei</strong></span> <span class='ocrx_word' id='word_1_107' title='bbox 1168 1830 1335 1906; x_wconf 87' lang='lat' dir='ltr'><strong>Lewelini,</strong></span> <span class='ocrx_word' id='word_1_108' title='bbox 1361 1831 1554 1914; x_wconf 90' lang='lat' dir='ltr'><strong>inceperunt</strong></span> <span class='ocrx_word' id='word_1_109' title='bbox 1606 1896 1607 1899; x_wconf 74' lang='grc'>,</span> 
     </span>
    </p>

    <p class='ocr_par' dir='ltr' id='par_1_11' title="bbox 200 1949 1554 2158">
     <span class='ocr_line' id='line_1_14' title="bbox 200 1949 1509 2035; baseline -0.001 -20"><span class='ocrx_word' id='word_1_110' title='bbox 200 1953 358 2018; x_wconf 87' lang='lat' dir='ltr'><strong>rebellare</strong></span> <span class='ocrx_word' id='word_1_111' title='bbox 373 1952 405 2017; x_wconf 91' lang='lat' dir='ltr'><strong>in</strong></span> <span class='ocrx_word' id='word_1_112' title='bbox 420 1950 542 2015; x_wconf 92' lang='lat' dir='ltr'><strong>Wallia</strong></span> <span class='ocrx_word' id='word_1_113' title='bbox 558 1961 672 2015; x_wconf 91' lang='lat' dir='ltr'><strong>contra</strong></span> <span class='ocrx_word' id='word_1_114' title='bbox 688 1950 891 2016; x_wconf 89' lang='lat' dir='ltr'><strong>Edwardum</strong></span> <span class='ocrx_word' id='word_1_115' title='bbox 908 1970 1018 2033; x_wconf 85' lang='lat' dir='ltr'><strong>regern</strong></span> <span class='ocrx_word' id='word_1_116' title='bbox 1034 1949 1169 2035; x_wconf 86' lang='lat' dir='ltr'><strong>Anglie.</strong></span> <span class='ocrx_word' id='word_1_117' title='bbox 1453 1951 1509 2035; x_wconf 88' lang='lat' dir='ltr'><strong>liij.</strong></span> 
     </span>
     <span class='ocr_line' id='line_1_15' title="bbox 288 2070 1554 2158; baseline 0 -20"><span class='ocrx_word' id='word_1_118' title='bbox 288 2087 458 2138; x_wconf 86' lang='lat' dir='ltr'><strong>M.cc.xcv.</strong></span> <span class='ocrx_word' id='word_1_119' title='bbox 506 2070 657 2156; x_wconf 88' lang='lat' dir='ltr'><strong>Spoliata</strong></span> <span class='ocrx_word' id='word_1_120' title='bbox 673 2082 745 2136; x_wconf 92' lang='lat' dir='ltr'><strong>erat</strong></span> <span class='ocrx_word' id='word_1_121' title='bbox 759 2071 837 2136; x_wconf 90' lang='lat' dir='ltr'><strong>villa</strong></span> <span class='ocrx_word' id='word_1_122' title='bbox 855 2072 998 2137; x_wconf 90' lang='lat' dir='ltr'><strong>Doverie</strong></span> <span class='ocrx_word' id='word_1_123' title='bbox 1014 2092 1072 2156; x_wconf 93' lang='lat' dir='ltr'><strong>per</strong></span> <span class='ocrx_word' id='word_1_124' title='bbox 1088 2074 1250 2157; x_wconf 88' lang='lat' dir='ltr'><strong>predones</strong></span> <span class='ocrx_word' id='word_1_125' title='bbox 1272 2073 1416 2153; x_wconf 87' lang='lat' dir='ltr'><strong>Francie,</strong></span> <span class='ocrx_word' id='word_1_126' title='bbox 1433 2093 1554 2158; x_wconf 86' lang='lat' dir='ltr'><strong>magna</strong></span> 
     </span>
    </p>

    <p class='ocr_par' dir='ltr' id='par_1_12' title="bbox 200 2191 1555 2277">
     <span class='ocr_line' id='line_1_16' title="bbox 200 2191 1555 2277; baseline 0.001 -21"><span class='ocrx_word' id='word_1_127' title='bbox 200 2214 276 2277; x_wconf 91' lang='lat' dir='ltr'><strong>pars</strong></span> <span class='ocrx_word' id='word_1_128' title='bbox 290 2192 367 2258; x_wconf 88' lang='lat' dir='ltr'><strong>ville</strong></span> <span class='ocrx_word' id='word_1_129' title='bbox 383 2191 567 2266; x_wconf 89' lang='lat' dir='ltr'><strong>combusta,</strong></span> <span class='ocrx_word' id='word_1_130' title='bbox 583 2203 617 2257; x_wconf 91' lang='lat' dir='ltr'><strong>et</strong></span> <span class='ocrx_word' id='word_1_131' title='bbox 634 2191 727 2256; x_wconf 91' lang='lat' dir='ltr'><strong>multi</strong></span> <span class='ocrx_word' id='word_1_132' title='bbox 744 2192 915 2257; x_wconf 85' lang='lat' dir='ltr'><strong>interlecti.</strong></span> <span class='ocrx_word' id='word_1_133' title='bbox 962 2192 1092 2258; x_wconf 89' lang='lat' dir='ltr'><strong>Eodem</strong></span> <span class='ocrx_word' id='word_1_134' title='bbox 1109 2214 1196 2259; x_wconf 91' lang='lat' dir='ltr'><strong>anno</strong></span> <span class='ocrx_word' id='word_1_135' title='bbox 1213 2192 1381 2258; x_wconf 89' lang='lat' dir='ltr'><strong>Gilbertus</strong></span> <span class='ocrx_word' id='word_1_136' title='bbox 1398 2194 1439 2259; x_wconf 95' lang='lat' dir='ltr'><strong>de</strong></span> <span class='ocrx_word' id='word_1_137' title='bbox 1457 2192 1555 2259; x_wconf 89' lang='lat' dir='ltr'><strong>Clare</strong></span> 
     </span>
    </p>

    <p class='ocr_par' dir='ltr' id='par_1_13' title="bbox 200 2313 1554 2516">
     <span class='ocr_line' id='line_1_17' title="bbox 200 2313 1509 2396; baseline -0.002 -18"><span class='ocrx_word' id='word_1_138' title='bbox 200 2316 292 2381; x_wconf 89' lang='lat' dir='ltr'><strong>obiit.</strong></span> <span class='ocrx_word' id='word_1_139' title='bbox 1464 2313 1509 2396; x_wconf 86' lang='lat' dir='ltr'><strong>lij.</strong></span> 
     </span>
     <span class='ocr_line' id='line_1_18' title="bbox 289 2429 1554 2516; baseline -0.002 -18"><span class='ocrx_word' id='word_1_140' title='bbox 289 2429 488 2516; x_wconf 79' lang='lat' dir='ltr'><strong>M.cc.xevj.⁴</strong></span> <span class='ocrx_word' id='word_1_141' title='bbox 526 2432 690 2497; x_wconf 84' lang='lat' dir='ltr'><strong>Dominus</strong></span> <span class='ocrx_word' id='word_1_142' title='bbox 707 2432 873 2497; x_wconf 90' lang='lat' dir='ltr'><strong>lohannes</strong></span> <span class='ocrx_word' id='word_1_143' title='bbox 888 2435 930 2498; x_wconf 95' lang='lat' dir='ltr'><strong>de</strong></span> <span class='ocrx_word' id='word_1_144' title='bbox 947 2432 1072 2499; x_wconf 90' lang='lat' dir='ltr'><strong>Sancto</strong></span> <span class='ocrx_word' id='word_1_145' title='bbox 1089 2433 1245 2508; x_wconf 88' lang='lat' dir='ltr'><strong>iohanne,</strong></span> <span class='ocrx_word' id='word_1_146' title='bbox 1261 2454 1336 2500; x_wconf 89' lang='lat' dir='ltr'><strong>cum</strong></span> <span class='ocrx_word' id='word_1_147' title='bbox 1353 2432 1465 2498; x_wconf 88' lang='lat' dir='ltr'><strong>multis</strong></span> <span class='ocrx_word' id='word_1_148' title='bbox 1480 2432 1554 2497; x_wconf 86' lang='lat' dir='ltr'><strong>aliis</strong></span> 
     </span>
    </p>

    <p class='ocr_par' dir='ltr' id='par_1_14' title="bbox 202 2551 1555 2646">
     <span class='ocr_line' id='line_1_19' title="bbox 202 2551 1555 2646; baseline -0.003 -26"><span class='ocrx_word' id='word_1_149' title='bbox 202 2556 367 2624; x_wconf 89' lang='lat' dir='ltr'><strong>nobilibus</strong></span> <span class='ocrx_word' id='word_1_150' title='bbox 387 2555 478 2638; x_wconf 84' lang='lat' dir='ltr'><strong>regni</strong></span> <span class='ocrx_word' id='word_1_151' title='bbox 498 2553 633 2635; x_wconf 86' lang='lat' dir='ltr'><strong>Anglie,</strong></span> <span class='ocrx_word' id='word_1_152' title='bbox 649 2553 682 2616; x_wconf 92' lang='lat' dir='ltr'><strong>in</strong></span> <span class='ocrx_word' id='word_1_153' title='bbox 699 2551 876 2619; x_wconf 86' lang='lat' dir='ltr'><strong>Wasconia</strong></span> <span class='ocrx_word' id='word_1_154' title='bbox 896 2564 967 2619; x_wconf 91' lang='lat' dir='ltr'><strong>erat</strong></span> <span class='ocrx_word' id='word_1_155' title='bbox 985 2565 1102 2639; x_wconf 89' lang='lat' dir='ltr'><strong>captus</strong></span> <span class='ocrx_word' id='word_1_156' title='bbox 1117 2563 1151 2619; x_wconf 92' lang='lat' dir='ltr'><strong>et</strong></span> <span class='ocrx_word' id='word_1_157' title='bbox 1171 2554 1241 2637; x_wconf 88' lang='lat' dir='ltr'><strong>regi</strong></span> <span class='ocrx_word' id='word_1_158' title='bbox 1264 2554 1401 2646; x_wconf 59' lang='lat' dir='ltr'><strong>Israncie</strong></span> <span class='ocrx_word' id='word_1_159' title='bbox 1421 2574 1555 2636; x_wconf 88' lang='lat' dir='ltr'><strong>presen-</strong></span> 
     </span>
    </p>

    <p class='ocr_par' dir='ltr' id='par_1_15' title="bbox 201 2672 1553 2759">
     <span class='ocr_line' id='line_1_20' title="bbox 201 2672 1553 2759; baseline -0.004 -15"><span class='ocrx_word' id='word_1_160' title='bbox 201 2687 301 2744; x_wconf 85' lang='lat' dir='ltr'><strong>tatus.</strong></span> <span class='ocrx_word' id='word_1_161' title='bbox 352 2677 428 2740; x_wconf 88' lang='lat' dir='ltr'><strong>Rex</strong></span> <span class='ocrx_word' id='word_1_162' title='bbox 449 2675 635 2739; x_wconf 89' lang='lat' dir='ltr'><strong>Edwardus</strong></span> <span class='ocrx_word' id='word_1_163' title='bbox 656 2683 765 2739; x_wconf 92' lang='lat' dir='ltr'><strong>totum</strong></span> <span class='ocrx_word' id='word_1_164' title='bbox 786 2673 910 2738; x_wconf 89' lang='lat' dir='ltr'><strong>clerum</strong></span> <span class='ocrx_word' id='word_1_165' title='bbox 926 2672 1052 2758; x_wconf 86' lang='lat' dir='ltr'><strong>Anglio</strong></span> <span class='ocrx_word' id='word_1_166' title='bbox 1072 2685 1168 2740; x_wconf 87' lang='lat' dir='ltr'><strong>extra</strong></span> <span class='ocrx_word' id='word_1_167' title='bbox 1190 2696 1284 2740; x_wconf 88' lang='lat' dir='ltr'><strong>suam</strong></span> <span class='ocrx_word' id='word_1_168' title='bbox 1309 2675 1553 2759; x_wconf 88' lang='lat' dir='ltr'><strong>proteccionem</strong></span> 
     </span>
    </p>

    <p class='ocr_par' dir='ltr' id='par_1_16' title="bbox 202 2794 1702 2884">
     <span class='ocr_line' id='line_1_21' title="bbox 202 2794 1702 2884; baseline -0.001 -18"><span class='ocrx_word' id='word_1_169' title='bbox 202 2801 322 2884; x_wconf 86' lang='lat' dir='ltr'><strong>posuit.</strong></span> <span class='ocrx_word' id='word_1_170' title='bbox 364 2795 553 2859; x_wconf 90' lang='lat' dir='ltr'><strong>Willelmus</strong></span> <span class='ocrx_word' id='word_1_171' title='bbox 567 2794 706 2879; x_wconf 90' lang='lat' dir='ltr'><strong>Waleys</strong></span> <span class='ocrx_word' id='word_1_172' title='bbox 728 2815 803 2859; x_wconf 90' lang='lat' dir='ltr'><strong>cum</strong></span> <span class='ocrx_word' id='word_1_173' title='bbox 825 2797 972 2860; x_wconf 87' lang='lat' dir='ltr'><strong>exercitu</strong></span> <span class='ocrx_word' id='word_1_174' title='bbox 990 2794 1165 2861; x_wconf 91' lang='lat' dir='ltr'><strong>Scotorum</strong></span> <span class='ocrx_word' id='word_1_175' title='bbox 1184 2805 1299 2861; x_wconf 89' lang='lat' dir='ltr'><strong>contra</strong></span> <span class='ocrx_word' id='word_1_176' title='bbox 1320 2815 1432 2879; x_wconf 86' lang='lat' dir='ltr'><strong>regem</strong></span> <span class='ocrx_word' id='word_1_177' title='bbox 1448 2794 1552 2860; x_wconf 92' lang='lat' dir='ltr'><strong>rebel·</strong></span> <span class='ocrx_word' id='word_1_178' title='bbox 1598 2811 1702 2865; x_wconf 61' lang='lat' dir='ltr'><strong>trust.</strong></span> 
     </span>
    </p>

    <p class='ocr_par' dir='ltr' id='par_1_17' title="bbox 201 2914 1540 3121">
     <span class='ocr_line' id='line_1_22' title="bbox 201 2914 1509 2998; baseline -0.005 -14"><span class='ocrx_word' id='word_1_179' title='bbox 201 2921 291 2985; x_wconf 89' lang='lat' dir='ltr'><strong>lavit.</strong></span> <span class='ocrx_word' id='word_1_180' title='bbox 1475 2914 1509 2998; x_wconf 91' lang='lat' dir='ltr'><strong>lj.</strong></span> 
     </span>
     <span class='ocr_line' id='line_1_23' title="bbox 289 3035 1554 3121; baseline -0.003 -18"><span class='ocrx_word' id='word_1_181' title='bbox 289 3037 484 3120; x_wconf 79' lang='lat' dir='ltr'><strong>M.cc.xcvij.</strong></span> <span class='ocrx_word' id='word_1_182' title='bbox 523 3036 557 3099; x_wconf 90' lang='lat' dir='ltr'><strong>A</strong></span> <span class='ocrx_word' id='word_1_183' title='bbox 573 3037 678 3119; x_wconf 88' lang='lat' dir='ltr'><strong>prima</strong></span> <span class='ocrx_word' id='word_1_184' title='bbox 694 3035 850 3119; x_wconf 90' lang='lat' dir='ltr'><strong>capcione</strong></span> <span class='ocrx_word' id='word_1_185' title='bbox 864 3035 942 3101; x_wconf 88' lang='lat' dir='ltr'><strong>ville</strong></span> <span class='ocrx_word' id='word_1_186' title='bbox 958 3036 1000 3101; x_wconf 93' lang='lat' dir='ltr'><strong>de</strong></span> <span class='ocrx_word' id='word_1_187' title='bbox 1017 3036 1196 3120; x_wconf 87' lang='lat' dir='ltr'><strong>Berewyke</strong></span> <span class='ocrx_word' id='word_1_188' title='bbox 1212 3056 1270 3121; x_wconf 91' lang='lat' dir='ltr'><strong>per</strong></span> <span class='ocrx_word' id='word_1_189' title='bbox 1286 3056 1397 3119; x_wconf 81' lang='lat' dir='ltr'><strong>regem</strong></span> <span class='ocrx_word' id='word_1_190' title='bbox 1418 3036 1554 3103; x_wconf 89' lang='lat' dir='ltr'><strong>Edwar-</strong></span> 
     </span>
    </p>

    <p class='ocr_par' dir='ltr' id='par_1_18' title="bbox 201 3155 1936 3369">
     <span class='ocr_line' id='line_1_24' title="bbox 201 3155 929 3241; baseline -0.01 -14"><span class='ocrx_word' id='word_1_191' title='bbox 201 3164 291 3237; x_wconf 90' lang='lat' dir='ltr'><strong>dum,</strong></span> <span class='ocrx_word' id='word_1_192' title='bbox 307 3160 362 3225; x_wconf 89' lang='lat' dir='ltr'><strong>ubi</strong></span> <span class='ocrx_word' id='word_1_193' title='bbox 381 3178 500 3241; x_wconf 79' lang='lat' dir='ltr'><strong>magna</strong></span> <span class='ocrx_word' id='word_1_194' title='bbox 517 3176 593 3241; x_wconf 94' lang='lat' dir='ltr'><strong>pars</strong></span> <span class='ocrx_word' id='word_1_195' title='bbox 611 3155 787 3222; x_wconf 91' lang='lat' dir='ltr'><strong>Scotorum</strong></span> <span class='ocrx_word' id='word_1_196' title='bbox 802 3157 929 3222; x_wconf 91' lang='lat' dir='ltr'><strong>cecidit.</strong></span> 
     </span>
     <span class='ocr_line' id='line_1_25' title="bbox 290 3168 1936 3369; baseline -0.005 -23"><span class='ocrx_word' id='word_1_197' title='bbox 290 3277 495 3362; x_wconf 72' lang='lat' dir='ltr'><strong>mccxcviij.</strong></span> <span class='ocrx_word' id='word_1_198' title='bbox 540 3275 575 3340; x_wconf 92' lang='lat' dir='ltr'><strong>A</strong></span> <span class='ocrx_word' id='word_1_199' title='bbox 596 3275 823 3342; x_wconf 80' lang='lat' dir='ltr'><strong>discunrfitura</strong></span> <span class='ocrx_word' id='word_1_200' title='bbox 843 3278 930 3343; x_wconf 86' lang='lat' dir='ltr'><strong>facta</strong></span> <span class='ocrx_word' id='word_1_201' title='bbox 946 3279 1035 3362; x_wconf 91' lang='lat' dir='ltr'><strong>apud</strong></span> <span class='ocrx_word' id='word_1_202' title='bbox 1056 3277 1237 3362; x_wconf 87' lang='lat' dir='ltr'><strong>Fowkyke‚</strong></span> <span class='ocrx_word' id='word_1_203' title='bbox 1253 3278 1307 3342; x_wconf 91' lang='lat' dir='ltr'><strong>die</strong></span> <span class='ocrx_word' id='word_1_204' title='bbox 1330 3278 1429 3343; x_wconf 91' lang='lat' dir='ltr'><strong>beate</strong></span> <span class='ocrx_word' id='word_1_205' title='bbox 1448 3254 1612 3344; x_wconf 76' lang='lat' dir='ltr'><strong>Marie(</strong></span> <span class='ocrx_word' id='word_1_206' title='bbox 1616 3168 1834 3333; x_wconf 46' lang='lat' dir='ltr'><strong>Bw(</strong></span> <span class='ocrx_word' id='word_1_207' title='bbox 1868 3292 1936 3369; x_wconf 58' lang='grc' dir='ltr'><strong><em>ω</em></strong></span> 
     </span>
    </p>
   </div>
   <div class='ocr_carea' id='block_1_3' title="bbox 203 3348 1988 3497">
    <p class='ocr_par' dir='ltr' id='par_1_19' title="bbox 203 3348 1988 3497">
     <span class='ocr_line' id='line_1_26' title="bbox 203 3348 1988 3497; baseline 0.002 -30"><span class='ocrx_word' id='word_1_208' title='bbox 203 3400 415 3486; x_wconf 87' lang='lat' dir='ltr'><strong>Magdalene‚</strong></span> <span class='ocrx_word' id='word_1_209' title='bbox 446 3398 501 3462; x_wconf 91' lang='lat' dir='ltr'><strong>ubi</strong></span> <span class='ocrx_word' id='word_1_210' title='bbox 533 3371 995 3473; x_wconf 58' lang='lat' dir='ltr'><strong>munimenta</strong></span> <span class='ocrx_word' id='word_1_211' title='bbox 1026 3398 1195 3464; x_wconf 91' lang='lat' dir='ltr'><strong>Willelmo</strong></span> <span class='ocrx_word' id='word_1_212' title='bbox 1227 3397 1364 3481; x_wconf 88' lang='lat' dir='ltr'><strong>Waleys</strong></span> <span class='ocrx_word' id='word_1_213' title='bbox 1397 3399 1552 3483; x_wconf 80' lang='lat' dir='ltr'><strong>fugiente.</strong></span> <span class='ocrx_word' id='word_1_214' title='bbox 1590 3360 1792 3477; x_wconf 48' lang='lat' dir='ltr'><strong>oluff*</strong></span> <span class='ocrx_word' id='word_1_215' title='bbox 1780 3348 1868 3419; x_wconf 45' lang='lat' dir='ltr'><strong>Uo</strong></span> <span class='ocrx_word' id='word_1_216' title='bbox 1879 3406 1962 3497; x_wconf 61' lang='grc' dir='ltr'><strong>μ,</strong></span> <span class='ocrx_word' id='word_1_217' title='bbox 1947 3384 1988 3473; x_wconf 61' lang='grc' dir='ltr'><strong>ζ’.</strong></span> 
     </span>
    </p>
   </div>
   <div class='ocr_carea' id='block_1_4' title="bbox 187 3496 1905 3889">
    <p class='ocr_par' dir='ltr' id='par_1_20' title="bbox 187 3496 1905 3889">
     <span class='ocr_line' id='line_1_27' title="bbox 203 3496 1768 3624; baseline -0.005 -35"><span class='ocrx_word' id='word_1_218' title='bbox 203 3523 333 3589; x_wconf 89' lang='lat' dir='ltr'><strong>Eodem</strong></span> <span class='ocrx_word' id='word_1_219' title='bbox 356 3540 444 3585; x_wconf 86' lang='lat' dir='ltr'><strong>anno</strong></span> <span class='ocrx_word' id='word_1_220' title='bbox 468 3519 651 3583; x_wconf 89' lang='lat' dir='ltr'><strong>Edwardus</strong></span> <span class='ocrx_word' id='word_1_221' title='bbox 674 3538 733 3581; x_wconf 89' lang='lat' dir='ltr'><strong>rex</strong></span> <span class='ocrx_word' id='word_1_222' title='bbox 758 3519 992 3602; x_wconf 85' lang='lat' dir='ltr'><strong>Margaretam‚</strong></span> <span class='ocrx_word' id='word_1_223' title='bbox 1008 3518 1110 3585; x_wconf 87' lang='lat' dir='ltr'><strong>filiam</strong></span> <span class='ocrx_word' id='word_1_224' title='bbox 1134 3520 1218 3602; x_wconf 83' lang='lat' dir='ltr'><strong>regis</strong></span> <span class='ocrx_word' id='word_1_225' title='bbox 1242 3518 1388 3592; x_wconf 74' lang='lat' dir='ltr'><strong>Fraude,</strong></span> <span class='ocrx_word' id='word_1_226' title='bbox 1403 3519 1529 3583; x_wconf 84' lang='lat' dir='ltr'><strong>duxit</strong></span> <span class='ocrx_word' id='word_1_227' title='bbox 1519 3540 1553 3582; x_wconf 81' lang='grc' dir='ltr'><strong>ιιι</strong></span> <span class='ocrx_word' id='word_1_228' title='bbox 1608 3496 1768 3624; x_wconf 58' lang='grc' dir='ltr'><em>ι</em></span> <span class='ocrx_word' id='word_1_229' title='bbox 1655 3556 1719 3604; x_wconf 62' lang='lat'><strong>..⁹⁸</strong></span> 
     </span>
     <span class='ocr_line' id='line_1_28' title="bbox 187 3566 1905 3793; baseline -0.005 -85"><span class='ocrx_word' id='word_1_230' title='bbox 187 3652 351 3710; x_wconf 85' lang='lat' dir='ltr'><strong>uxorem.</strong></span> <span class='ocrx_word' id='word_1_231' title='bbox 1426 3637 1508 3702; x_wconf 83' lang='lat' dir='ltr'><strong>xlix.</strong></span> <span class='ocrx_word' id='word_1_232' title='bbox 1622 3630 1825 3845; x_wconf 37' lang='lat' dir='ltr'><strong>[42.ss</strong></span> <span class='ocrx_word' id='word_1_233' title='bbox 1823 3566 1905 3727; x_wconf 65' lang='grc'>)</span> 
     </span>
     <span class='ocr_line' id='line_1_29' title="bbox 290 3670 1747 3889; baseline -0.002 -61"><span class='ocrx_word' id='word_1_234' title='bbox 290 3760 476 3828; x_wconf 82' lang='lat' dir='ltr'><strong>M.CC.xcix.</strong></span> <span class='ocrx_word' id='word_1_235' title='bbox 515 3760 699 3825; x_wconf 88' lang='lat' dir='ltr'><strong>Edwardus</strong></span> <span class='ocrx_word' id='word_1_236' title='bbox 715 3780 774 3825; x_wconf 89' lang='lat' dir='ltr'><strong>rex</strong></span> <span class='ocrx_word' id='word_1_237' title='bbox 790 3760 914 3844; x_wconf 87' lang='lat' dir='ltr'><strong>Anglie</strong></span> <span class='ocrx_word' id='word_1_238' title='bbox 929 3759 1092 3825; x_wconf 89' lang='lat' dir='ltr'><strong>ordinavit</strong></span> <span class='ocrx_word' id='word_1_239' title='bbox 1103 3760 1192 3842; x_wconf 91' lang='lat' dir='ltr'><strong>quod</strong></span> <span class='ocrx_word' id='word_1_240' title='bbox 1209 3758 1349 3843; x_wconf 92' lang='lat' dir='ltr'><strong>pollardi</strong></span> <span class='ocrx_word' id='word_1_241' title='bbox 1365 3768 1398 3824; x_wconf 91' lang='lat' dir='ltr'><strong>et</strong></span> <span class='ocrx_word' id='word_1_242' title='bbox 1413 3759 1553 3826; x_wconf 90' lang='lat' dir='ltr'><strong>ballardi</strong></span> <span class='ocrx_word' id='word_1_243' title='bbox 1622 3670 1651 3775; x_wconf 43' lang='grc' dir='ltr'>ι</span> <span class='ocrx_word' id='word_1_244' title='bbox 1657 3808 1747 3889; x_wconf 63' lang='lat' dir='ltr'><strong>pl</strong></span> 
     </span>
    </p>
   </div>
   <div class='ocr_carea' id='block_1_5' title="bbox 202 3868 1668 3967">
    <p class='ocr_par' dir='ltr' id='par_1_21' title="bbox 202 3868 1668 3967">
     <span class='ocr_line' id='line_1_30' title="bbox 202 3868 1668 3967; baseline -0.003 -16"><span class='ocrx_word' id='word_1_245' title='bbox 202 3885 337 3952; x_wconf 85' lang='lat' dir='ltr'><strong>ulterius</strong></span> <span class='ocrx_word' id='word_1_246' title='bbox 352 3904 412 3967; x_wconf 91' lang='lat' dir='ltr'><strong>pro</strong></span> <span class='ocrx_word' id='word_1_247' title='bbox 428 3879 595 3963; x_wconf 86' lang='lat' dir='ltr'><strong>sterlingis</strong></span> <span class='ocrx_word' id='word_1_248' title='bbox 612 3901 679 3945; x_wconf 92' lang='lat' dir='ltr'><strong>non</strong></span> <span class='ocrx_word' id='word_1_249' title='bbox 696 3892 861 3947; x_wconf 89' lang='lat' dir='ltr'><strong>currerent</strong></span> <span class='ocrx_word' id='word_1_250' title='bbox 876 3882 909 3945; x_wconf 85' lang='lat' dir='ltr'><strong>in</strong></span> <span class='ocrx_word' id='word_1_251' title='bbox 923 3879 1057 3964; x_wconf 86' lang='lat' dir='ltr'><strong>Anglia.</strong></span> <span class='ocrx_word' id='word_1_252' title='bbox 1405 3881 1508 3967; x_wconf 82' lang='lat' dir='ltr'><strong>xlviij.</strong></span> <span class='ocrx_word' id='word_1_253' title='bbox 1660 3868 1668 3899; x_wconf 70' lang='lat'>²</span> 
     </span>
    </p>
   </div>
   <div class='ocr_carea' id='block_1_6' title="bbox 203 4001 1802 4212">
    <p class='ocr_par' dir='ltr' id='par_1_22' title="bbox 203 4001 1802 4212">
     <span class='ocr_line' id='line_1_31' title="bbox 291 4001 1552 4088; baseline -0.002 -18"><span class='ocrx_word' id='word_1_254' title='bbox 291 4017 409 4070; x_wconf 86' lang='lat' dir='ltr'><strong>M.ccc.</strong></span> <span class='ocrx_word' id='word_1_255' title='bbox 455 4002 565 4066; x_wconf 88' lang='lat' dir='ltr'><strong>Natus</strong></span> <span class='ocrx_word' id='word_1_256' title='bbox 595 4011 647 4066; x_wconf 91' lang='lat' dir='ltr'><strong>est</strong></span> <span class='ocrx_word' id='word_1_257' title='bbox 668 4002 817 4067; x_wconf 90' lang='lat' dir='ltr'><strong>Thomas</strong></span> <span class='ocrx_word' id='word_1_258' title='bbox 843 4006 886 4069; x_wconf 90' lang='lat' dir='ltr'><strong>de</strong></span> <span class='ocrx_word' id='word_1_259' title='bbox 908 4001 1126 4086; x_wconf 87' lang='lat' dir='ltr'><strong>Broyurtone,</strong></span> <span class='ocrx_word' id='word_1_260' title='bbox 1148 4003 1192 4066; x_wconf 87' lang='lat' dir='ltr'><strong>de</strong></span> <span class='ocrx_word' id='word_1_261' title='bbox 1222 4002 1412 4086; x_wconf 87' lang='lat' dir='ltr'><strong>Margareta</strong></span> <span class='ocrx_word' id='word_1_262' title='bbox 1441 4004 1552 4088; x_wconf 86' lang='lat' dir='ltr'><strong>regina</strong></span> 
     </span>
     <span class='ocr_line' id='line_1_32' title="bbox 203 4042 1802 4212; baseline -0.004 -20"><span class='ocrx_word' id='word_1_263' title='bbox 203 4127 337 4212; x_wconf 84' lang='lat' dir='ltr'><strong>Anglie.</strong></span> <span class='ocrx_word' id='word_1_264' title='bbox 383 4123 529 4189; x_wconf 89' lang='lat' dir='ltr'><strong>Domina</strong></span> <span class='ocrx_word' id='word_1_265' title='bbox 545 4121 618 4201; x_wconf 88' lang='lat' dir='ltr'><strong>Ela,</strong></span> <span class='ocrx_word' id='word_1_266' title='bbox 634 4123 802 4188; x_wconf 87' lang='lat' dir='ltr'><strong>comitissa</strong></span> <span class='ocrx_word' id='word_1_267' title='bbox 818 4123 980 4197; x_wconf 76' lang='lat' dir='ltr'><strong>Warwici</strong></span> <span class='ocrx_word' id='word_1_268' title='bbox 996 4123 1087 4198; x_wconf 91' lang='lat' dir='ltr'><strong>obiit,</strong></span> <span class='ocrx_word' id='word_1_269' title='bbox 1105 4132 1138 4188; x_wconf 93' lang='lat' dir='ltr'><strong>et</strong></span> <span class='ocrx_word' id='word_1_270' title='bbox 1155 4122 1266 4188; x_wconf 89' lang='lat' dir='ltr'><strong>Osene</strong></span> <span class='ocrx_word' id='word_1_271' title='bbox 1581 4042 1609 4193; x_wconf 61' lang='lat' dir='ltr'><em>l</em></span> <span class='ocrx_word' id='word_1_272' title='bbox 1627 4048 1802 4185; x_wconf 51' lang='lat' dir='ltr'><strong>wo</strong></span> 
     </span>
    </p>
   </div>
   <div class='ocr_carea' id='block_1_7' title="bbox 353 4300 1449 4446">
    <p class='ocr_par' dir='ltr' id='par_1_23' title="bbox 353 4300 1449 4446">
     <span class='ocr_line' id='line_1_33' title="bbox 353 4300 1449 4383; baseline -0.002 -15"><span class='ocrx_word' id='word_1_273' title='bbox 353 4311 446 4369; x_wconf 81' lang='lat' dir='ltr'><strong>¹iam.</strong></span> <span class='ocrx_word' id='word_1_274' title='bbox 460 4312 491 4367; x_wconf 92' lang='lat' dir='ltr'><strong>B.</strong></span> <span class='ocrx_word' id='word_1_275' title='bbox 563 4311 790 4367; x_wconf 72' lang='lat' dir='ltr'><strong>&#39;conduxerunt</strong></span> <span class='ocrx_word' id='word_1_276' title='bbox 811 4314 843 4366; x_wconf 92' lang='lat' dir='ltr'><strong>B.</strong></span> <span class='ocrx_word' id='word_1_277' title='bbox 915 4309 1066 4383; x_wconf 78' lang='lat' dir='ltr'><strong>’quidam</strong></span> <span class='ocrx_word' id='word_1_278' title='bbox 1087 4315 1118 4368; x_wconf 89' lang='lat' dir='ltr'><strong>B.</strong></span> <span class='ocrx_word' id='word_1_279' title='bbox 1156 4314 1159 4319; x_wconf 85' lang='lat'>&#39;</span> <span class='ocrx_word' id='word_1_280' title='bbox 1220 4324 1344 4367; x_wconf 74' lang='lat' dir='ltr'><strong>srccncv.</strong></span> <span class='ocrx_word' id='word_1_281' title='bbox 1364 4313 1396 4367; x_wconf 89' lang='lat' dir='ltr'><strong>B.</strong></span> <span class='ocrx_word' id='word_1_282' title='bbox 1446 4300 1449 4304; x_wconf 55' lang='grc'><strong>’</strong></span> 
     </span>
     <span class='ocr_line' id='line_1_34' title="bbox 867 4398 887 4446; baseline 0 0"><span class='ocrx_word' id='word_1_283' title='bbox 867 4398 887 4446; x_wconf 88' lang='grc' dir='ltr'><strong>Ζ</strong></span> 
     </span>
    </p>
   </div>
   <div class='ocr_carea' id='block_1_8' title="bbox 0 0 2152 4890">
    <p class='ocr_par' dir='ltr' id='par_1_24' title="bbox 0 0 2152 4890">
     <span class='ocr_line' id='line_1_35' title="bbox 0 0 2152 4890; baseline 0 0"><span class='ocrx_word' id='word_1_284' title='bbox 0 0 2152 4890; x_wconf 95' lang='lat' dir='ltr'><strong> </strong></span> 
     </span>
    </p>
   </div>
  </div>
 </body>
</html>
