4282 4890
1670 39 1892 155 aaa

636 311 692 366 LE
713 310 860 366 BAKER
882 311 942 366 DE
964 311 1273 370 SWVNEBROKE.
1592 315 1633 389 71

277 511 433 577 Flandria
471 511 727 592 ministrarunt}
748 512 961 579 Confirmatis
998 534 1121 616 Q
1154 515 1307 580 amicicia
1339 523 1372 579 et
1406 515 1513 599 pactis
1545 515 1630 580 inter
1654 519 1811 572 All-18⁴0·

276 636 367 717 ipsos
390 643 423 700 et
445 654 557 718 regern
579 656 685 719 nuper
709 634 807 713 initis,
831 636 892 719 ipsi
923 656 982 720 per
1008 635 1127 715 omnia,
1150 637 1243 714 sicud
1276 657 1354 702 vero
1385 637 1453 726 regi
1485 637 1631 722 Francie,
1654 610 1782 767 1Ηῖὼῖ

1664 734 1695 768 en

162 832 166 840 ¹
276 775 312 821 se
334 756 423 839 ipsos
441 756 633 821 exibebant.
679 756 805 821 Taliter
823 757 994 822 obsidione
1012 756 1215 836 confirmata,
1230 759 1360 843 scripsit
1380 755 1459 823 rex¹
1477 758 1631 842 Philippo
1654 784 1703 834 Pht
1714 785 1749 850 ip.

277 879 319 942 de
340 876 481 955 Valesio,
504 877 636 942 tiranno
660 876 873 957 Francorum,
896 880 987 961 quod
1014 880 1122 962 ipsum
1150 881 1183 944 in
1205 900 1325 963 campo
1347 889 1540 964 expectaret
1569 900 1631 964 pro

277 997 364 1063 bello
385 1001 428 1064 ad
452 1000 542 1064 diem
564 1010 691 1065 certum
715 1000 800 1064 inter
822 1001 910 1083 ipsos
931 1001 1097 1080 seriend03
1120 1011 1153 1066 et
1176 1003 1345 1085 respondit
1367 1003 1525 1078 tirannus,
1542 1002 1631 1083 diem

277 1120 447 1203 assignans
463 1141 531 1203 quo
551 1119 758 1186 obsidionem
780 1142 817 1186 se
838 1122 1102 1187 comminabatur
1123 1134 1321 1187 amoturum.
1367 1121 1427 1189 Set
1450 1143 1631 1206 numquam

280 1241 323 1304 ad
338 1241 439 1305 talem
454 1240 614 1305 honorem
630 1241 787 1322 pervenit,
803 1241 879 1308 licet
894 1241 938 1307 ab
956 1242 1129 1308 obsidione
1147 1263 1214 1308 non
1234 1243 1320 1309 ultra
1340 1243 1396 1326 iiij.
1412 1243 1522 1310 leucas
1537 1244 1631 1327 quasi

278 1382 339 1445 per
353 1371 462 1426 totum
478 1372 611 1445 tempus
630 1362 664 1425 in
679 1342 826 1427 exercitu
842 1384 903 1428 suo
918 1361 1078 1428 latitaret.

368 1482 489 1548 Comes
501 1482 656 1548 Hanonie
667 1483 709 1548 de
721 1483 855 1550 licencia
866 1505 943 1549 suos
953 1494 987 1549 et
999 1504 1074 1550 cum
1086 1483 1148 1549 illis
1160 1484 1646 1593 cchleimwQ
1679 1501 1699 1548 r.
1712 1497 1783 1552 nal.
1863 1518 1867 1525 ·
1890 1450 1914 1569 s

280 1611 316 1667 et
339 1623 461 1686 paucos
490 1613 636 1669 armatos
666 1604 790 1670 direxit
819 1625 932 1670 versus
961 1605 1101 1688 opidum
1126 1606 1231 1670 sancti
1258 1603 1417 1684 Amandi‚
1445 1606 1634 1689 quindecim
1654 1581 1812 1698 migne
1843 1574 1887 1674 'lz
1903 1596 1928 1613 ”

282 1722 464 1789 miliaribus
493 1724 672 1790 distantem
697 1725 740 1791 ab
766 1726 955 1805 obsidione;
990 1726 1045 1790 ubi
1075 1726 1316 1810 quinquaginta
1342 1725 1465 1792 milites
1492 1737 1525 1791 et
1552 1726 1635 1792 alios
1655 1714 1779 1830 Ἠῶ

282 1846 405 1911 multos
420 1856 575 1928 ceperunt
590 1856 623 1911 et
642 1846 840 1926 occiderunt,
856 1857 889 1913 et
910 1846 1329 1971 quas-iQ
1340 1847 1542 1925 invenerunt,
1558 1842 1636 1913 villa
1655 1846 1763 1897 Amana
1826 1808 1908 1910 (τ’
1924 1854 1932 1887 ·”
1941 1810 2029 1921 ”fl

282 1975 316 2030 et
336 1967 444 2050 patria
462 1968 633 2033 adiacente
654 1969 910 2052 circumquaque
933 1969 1126 2047 destructis3
1159 1969 1247 2034 unde
1267 1970 1426 2035 exercitui
1448 1969 1490 2034 de
1509 1971 1635 2036 victua·

282 2086 367 2153 libus
382 2088 685 2154 habundantissime
700 2081 924 2174 providerunt.
1629 2080 1632 2086 '

369 2210 511 2275 Duravit
533 2211 664 2277 obsidio
690 2211 926 2278 Torneacensis
952 2232 1058 2295 usque
1083 2212 1132 2279 ad
1149 2211 1270 2277 festum
1296 2222 1486 2279 sanctorum
1515 2213 1636 2280 Cosme
1670 2240 1690 2278 v·
1722 2231 1743 2282 si
1763 2246 1790 2290 fe

282 2340 315 2396 et
345 2331 512 2410 Damiani,
542 2335 632 2415 quod
660 2342 709 2399 est
742 2334 849 2417 pridie
869 2331 982 2417 vigilie
1003 2333 1108 2400 sancti
1132 2331 1313 2399 Michaelis
1359 2333 1437 2417 Quo
1467 2334 1529 2413 die,
1559 2343 1636 2419 post
1660 2297 1804 2411 {mim

281 2450 441 2538 plurimos
455 2464 615 2519 tractatus
635 2475 733 2538 super
747 2466 864 2539 treuga
880 2455 1031 2534 ineunda,
1052 2476 1111 2538 per
1126 2453 1270 2521 Francos
1286 2466 1470 2539 procurata,
1486 2456 1636 2539 inquam
1653 2437 1784 2545 Q
1830 2370 2050 2611 ¹33⁰

281 2570 387 2640 iuerat
417 2596 610 2642 consensum
641 2576 684 2641 ad
715 2575 912 2661 peticionem
942 2575 1146 2641 Gallicorum
1176 2597 1279 2660 usque
1308 2579 1351 2642 ad
1383 2576 1503 2642 festum
1532 2578 1637 2643 sancti
1656 2592 1788 2674 rruoetor

284 2693 442 2762 Iohannis
478 2696 638 2780 Baptiste,
671 2709 795 2763 extunc
835 2698 991 2782 proximo
1029 2693 1185 2774 futurum,
1215 2698 1418 2775 duraturam,
1454 2708 1491 2762 ut
1524 2707 1636 2782 posset
1655 2675 1763 2787 ἕξω,
1775 2732 1803 2775 to

282 2817 411 2883 interim
444 2819 486 2882 de
515 2839 596 2902 pace
622 2820 765 2897 tractari,
790 2828 824 2884 et
853 2819 973 2884 redditi
999 2817 1129 2882 suemnt
1155 2817 1230 2884 hinc
1254 2827 1288 2883 et
1314 2819 1389 2884 inde
1417 2819 1550 2902 captivi,
1573 2818 1636 2884 sub
1654 2790 1762 2907 {2224

222 2974 226 2983 ·
281 2939 499 3005 convencione
523 2939 628 3004 iurata
650 2940 808 3004 redeundi
835 2940 878 3005 ad
904 2940 1030 3005 dictum
1058 2937 1179 3003 festum
1202 2939 1234 3003 in
1257 2958 1334 3003 casu
1358 2959 1425 3021 quo
1451 2958 1516 3004 non
1543 2938 1635 3004 fieret
1653 2921 1812 3054 ffiingly

281 3080 350 3144 pax
372 3059 486 3124 finalis.
532 3057 588 3124 Sic
606 3059 712 3125 suerat
730 3061 839 3125 soluta
859 3061 989 3127 obsidio
1004 3059 1230 3137 Tornacensis,
1245 3069 1287 3138 et,
1307 3060 1334 3124 si
1351 3079 1465 3124 verum
1484 3056 1635 3140 fateatur,

282 3180 325 3245 ad
348 3199 504 3263 magnam
523 3179 767 3263 displicenciam
787 3181 872 3264 regis
891 3179 1038 3264 Anglie„
1072 3180 1148 3244 Rex
1167 3197 1371 3293 Ἦρα-9οη
1390 3180 1507 3244 habuit
1524 3199 1636 3246 secum

281 3300 343 3365 nisi
366 3321 488 3385 paucos
509 3300 670 3384 Anglicos
692 3301 823 3380 ibidem,
845 3311 895 3366 set
917 3322 1032 3367 omnes
1055 3303 1111 3367 alii
1134 3301 1263 3366 suerunt
1285 3302 1327 3366 sti
1419 3301 1428 3315 '
1468 3301 1488 3317 ‘⁸
1515 3301 1636 3386 quibus
1710 3290 1731 3369 (ἶ
1754 3297 1784 3345 Γ
1802 3338 1807 3347 ·

282 3443 340 3506 per
363 3422 562 3505 quindenam
585 3422 664 3486 nihil
688 3419 793 3488 fuerat
815 3424 960 3488 solutum
984 3445 1044 3508 pro
1066 3423 1216 3505 eoquod
1238 3302 1572 3507 pefflata
1592 3277 1670 3525 del

282 3543 407 3627 Anglia
421 3563 487 3609 non
505 3545 604 3608 venit.
651 3545 801 3610 Preterea
819 3547 890 3610 dux
907 3544 1088 3610 Brabancie
1106 3555 1140 3608 et
1160 3565 1270 3610 comes
1291 3544 1476 3622 Hannonie,
1495 3545 1551 3626 qui
1572 3566 1633 3628 pro
1706 3547 1768 3621 So
1790 3477 2011 3589 w

281 3687 322 3732 eo
344 3664 514 3750 potissime
535 3684 611 3731 cum
634 3686 710 3751 rege
728 3664 920 3745 militarunt,
936 3675 972 3731 ut
983 3658 1063 3730 'ville
1081 3674 1114 3729 et
1135 3676 1251 3742 castra,
1272 3684 1336 3749 que
1358 3663 1506 3730 tirannus
1529 3665 1632 3730 Fran·

280 3807 395 3854 corum
421 3787 499 3870 ipsis
524 3788 661 3852 abstulit
691 3799 724 3852 et
750 3787 868 3853 iniuste
897 3786 1046 3863 detinuit,
1070 3786 1174 3852 forent
1200 3787 1247 3852 eis
1273 3807 1331 3870 per
1360 3786 1522 3852 auxilium
1547 3786 1633 3871 regis

281 3910 441 3988 restituto
463 3907 1633 4015 unewanno.2a..e„e.÷.saae„.c.ea„rrrretinuerim

281 4051 347 4096 non
374 4030 448 4115 plus
470 4031 593 4115 placuit
620 4033 679 4096 eiis
700 4050 817 4115 guerra
839 4030 955 4107 aliena,
977 4038 1152 4114 propterea
1174 4050 1241 4095 uno
1263 4049 1396 4094 assensu
1419 4048 1531 4114 regem
1557 4050 1635 4113 pro·

281 4162 449 4232 vocarunt,
475 4162 508 4219 et
530 4155 624 4236 quasi
643 4162 827 4238 coegerunt,
853 4152 896 4217 ad
919 4160 1071 4234 treugam
1098 4150 1283 4229 ineundam,
1313 4169 1454 4233 quorum
1488 4151 1635 4234 oportuit

890 4285 900 4320 ¹
918 4304 971 4343 res.
991 4289 1023 4343 B.
