4282 4890
536 286 592 340 LE
613 286 759 341 BAKER
780 287 842 341 DE
862 287 1173 345 SWVNEBROKE.
1487 302 1530 365 49

176 505 265 549 anno
287 483 413 569 quintu,
436 484 540 550 tenuit
570 506 629 550 rex
659 483 873 569 solempniter
902 486 1025 550 Natale
1050 488 1139 571 apud
1170 485 1324 552 Welliam
1355 506 1458 571 usque
1487 486 1530 551 ad
1549 509 1620 557 nn.
1629 510 1705 558 18³1.

93 588 96 595 ’
177 604 411 690 Epiphaniam,
427 606 483 670 ubi
500 606 625 670 fiebant
648 604 753 671 multa
777 605 941 672 mirabilia
955 618 1160 692 sumptuosa.
1549 638 1690 689 cufim„

1547 703 1705 839 llllh

176 847 330 912 dominus
354 848 538 914 Edwardus
560 849 603 913 de
626 847 754 930 Baylol,
778 848 864 913 filius
886 860 920 914 et
934 849 1029 915 heres
1052 851 1209 917 Iohannis
1231 851 1316 935 regis
1343 850 1528 928 Scotorum,
1547 875 1587 925 Ex
1637 876 1701 926 ition

174 970 354 1052 quondam,
371 979 407 1035 ut
422 971 549 1035 dictum
567 979 625 1047 est,
642 969 797 1035 exulatus
807 968 828 1047 ¹,
845 970 1016 1036 declarans
1032 972 1082 1036 ius
1100 974 1190 1055 quod
1206 972 1323 1037 habuit
1343 973 1375 1037 in
1391 992 1528 1056 regnum
1547 941 1704 1059 {2155ss
1784 1040 1815 1081 'a
1833 1040 1843 1059 .

1548 1070 1674 1124 Sootland.
1710 1054 1738 1133 f
1820 1090 1828 1099 ·

61 712 108 828 [ὓ
264 727 311 791 Et
329 727 415 793 circa
429 726 550 806 festum
568 726 673 792 sancti
689 726 863 792 Laurencii
882 729 1038 812 proximo
1053 749 1192 813 sequens
1210 729 1300 795 venit
1319 728 1351 793 in
1367 727 1529 813 Angliam

3 1050 42 1094 ι’
177 1088 312 1168 Scocie;
332 1091 384 1156 cui
402 1092 578 1155 adeserunt
594 1091 748 1155 dominus
769 1090 934 1156 Henricus
952 1093 994 1156 de
1014 1092 1108 1158 Bello
1121 1103 1234 1159 monte
1246 1103 1279 1158 et
1293 1094 1404 1158 David
1417 1113 1528 1158 comes

176 1210 312 1275 Dassels
335 1221 368 1277 et
392 1211 555 1276 Ricardus
577 1211 720 1277 Talebot
743 1221 776 1275 et
799 1213 953 1277 dominus
977 1212 1141 1278 Radulfus
1172 1215 1214 1278 de
1244 1213 1391 1280 Stafsord
1421 1212 1529 1279 bar0⁸

175 1341 209 1396 et
227 1332 255 1395 F
256 1332 330 1398 ulco
349 1331 435 1396 filius
453 1332 612 1396 Willelmi
630 1342 664 1396 et
683 1331 777 1396 multi
796 1333 852 1396 alii
867 1333 1003 1411 nobiles,
1021 1344 1203 1399 asserentes
1221 1355 1257 1398 se
1276 1335 1326 1398 ius
1343 1334 1466 1399 habere
1483 1336 1527 1399 ad

175 1464 279 1518 terras
302 1463 335 1518 et
358 1454 581 1537 possessiones
605 1454 637 1517 in
660 1454 751 1519 dicto
774 1474 875 1537 regno
892 1453 1017 1532 Scocie,
1033 1454 1103 1519 iure
1117 1455 1318 1521 hereditario
1339 1455 1392 1520 vel
1408 1457 1527 1522 dotum

175 1597 318 1665 uxorum
341 1595 475 1640 suarum
496 1576 560 1639 sibi
583 1575 722 1653 debitas,
745 1585 795 1639 set
813 1597 872 1659 per
894 1586 1065 1660 magnates
1084 1575 1201 1641 Scocie
1223 1578 1374 1642 detentas
1397 1578 1526 1642 iniuste.

175 1666 497 1781 Undffistularunt
513 1696 683 1760 licenciam
699 1706 732 1760 et
748 1697 911 1761 auxilium
930 1718 950 1762 a
965 1716 1042 1780 rege
1059 1696 1184 1781 Anglie
1202 1717 1339 1781 regnum
1360 1709 1393 1762 et
1412 1699 1528 1782 predia

173 1818 236 1883 sibi
255 1819 369 1883 debita
384 1819 607 1903 recuperandi.
651 1818 776 1882 Verum
800 1838 859 1882 rex
877 1817 1009 1901 Anglie,
1028 1818 1312 1903 contemplacione
1329 1819 1420 1903 pacis
1443 1820 1528 1884 inter

172 1961 274 2024 regna
296 1960 399 2025 nuper
422 1939 509 2005 lacte
531 1950 630 2023 atque
652 1939 773 2004 sororis
795 1961 854 2003 sue
876 1941 987 2023 regine
1010 1938 1134 2017 Scocie,
1157 1941 1395 2024 nonpermisit
1414 1939 1527 2024 ipsos⁸

173 2081 232 2145 per
261 2070 382 2125 terram
413 2081 506 2124 suam
535 2060 671 2144 aggredi
695 2058 847 2125 Scociam
870 2080 945 2125 cum
969 2082 1068 2125 manu
1097 2072 1310 2127 armatorum.
1349 2061 1526 2146 Propterea

172 2183 300 2247 domini
335 2183 475 2266 predicti
513 2183 599 2246 nacti
637 2182 817 2265 navigium,
855 2202 945 2246 mare
982 2181 1162 2265 Anglicum
1194 2183 1339 2266 ingressi,
1372 2181 1525 2248 Scociam
1584 2224 1604 2269 ι,

172 2302 369 2368 velificando
392 2303 570 2387 pecierunt,
586 2313 619 2367 et
635 2304 724 2386 apud
745 2300 951 2407 CQff
970 2302 1251 2415 iufflbathiam
1267 2305 1310 2368 de
1328 2303 1525 2369 Donlerme·

173 2424 241 2488 lin⁶
265 2425 364 2490 litora
389 2434 598 2508 capescentes
629 2444 786 2507 magnam
817 2424 1038 2488 resistenciam
1069 2433 1102 2487 et
1133 2424 1302 2509 inopinam
1329 2424 1524 2489 habuerunt.
1569 2384 1610 2502 i

173 2544 232 2610 Set
260 2547 389 2643 pedites
411 2545 546 2645 Anglici
569 2545 666 2628 pauci
692 2566 838 2623 numer0,
868 2546 1003 2610 celerius
1029 2556 1150 2609 terram
1176 2545 1389 2629 applicantes,
1409 2566 1523 2610 omnes

173 2666 292 2733 Scotos
315 2666 430 2733 obvios
453 2667 682 2751 compulerunt
705 2667 737 2730 in
767 2667 880 2750 sugam
906 2687 982 2732 cum
1006 2665 1136 2731 illorum
1159 2666 1307 2743 ducibus,
1329 2667 1451 2732 comite
1480 2667 1524 2731 de

172 2787 201 2851 F
201 2789 256 2871 yle
275 2799 308 2852 et
328 2788 477 2854 Roberto
498 2787 528 2852 le
544 2789 627 2853 Brus
637 2788 658 2866 ⁰,
675 2787 743 2853 filio
760 2783 935 2891 Mobeni]
949 2788 1118 2885 quondam
1134 2786 1264 2883 regis73
1287 2797 1329 2864 et,
1344 2798 1523 2871 antequam

326 2868 715 2898 ΜΝ..
728 2872 866 2895 „mm

171 2910 335 2975 exercitus
357 2919 559 2976 armatorum
582 2910 625 2975 ad
648 2909 726 2974 litus
748 2918 878 2994 poterat
902 2909 1051 2975 incedere
1080 2908 1239 2988 ordinate,
1270 2907 1382 2972 multis
1413 2907 1523 2974 Scotis

172 3029 358 3107 intersectis,
372 3031 496 3096 vexilla
516 3031 674 3096 Edwardi
694 3031 742 3095 Ba
768 3029 813 3095 lol
835 3040 869 3095 et
891 3028 1031 3095 aliorum
1061 3029 1272 3095 dominorum
1295 3030 1385 3113 apud
1409 3029 1483 3096 Deo
1508 3065 1522 3078 ·

170 3152 320 3244 Q
330 3053 1522 3236 pamm
1542 3175 1618 3226 Total

162 3228 763 3358 mmmm
789 3272 988 3350 conflictum,
1011 3272 1068 3336 ubi
1090 3272 1158 3336 duo
1181 3272 1273 3337 milia
1301 3271 1520 3356 Anglicorum
1541 3241 1674 3369 5ζέᾚὲ

115 3378 118 3383 ’
169 3395 317 3460 vicerunt
331 3394 553 3491 quadraginta
572 3395 663 3460 milia
682 3394 869 3472 Scotorum,
884 3413 943 3478 pre
965 3392 1177 3457 multitudine
1194 3403 1227 3456 et
1248 3414 1398 3476 pressura
1416 3394 1520 3459 eciam
1544 3375 1652 3500 ¹⁰33

170 3517 230 3579 sei
255 3536 310 3582 sos
325 3486 587 3581 omnimencium
612 3517 655 3581 de
669 3517 789 3599 quibus
805 3440 1690 3659 quirffl-rtesetaffimfflae
1724 3528 1938 3669 wmv.

169 3647 203 3703 et
254 3658 402 3722 oppressi
427 3648 553 3703 uerunt.
602 3659 623 3702 n
638 3638 781 3702 crastino
792 3636 927 3731 Alici
937 3645 1093 3731 cerunt
1107 3634 1220 3699 villam
1235 3635 1340 3699 sancti
1355 3635 1521 3713 Iohannis,
1593 3646 1598 3652 '
1916 3639 1938 3673 ⁴

168 3761 367 3827 victualibus
381 3761 541 3847 refertam
561 3770 594 3825 et
617 3760 700 3826 bene
718 3759 889 3837 munitam,
908 3779 1008 3842 quam
1027 3766 1143 3843 postea
1160 3777 1226 3822 non
1246 3777 1349 3840 parvo
1371 3766 1521 3841 tempore

205 3977 344 4035 ‘exulati
364 3982 396 4035 B.
621 3976 716 4034 ²tunc
729 3981 798 4036 baro
811 3980 846 4034 de
860 3977 1008 4035 stafforde.
1028 3978 1060 4033 C.
1212 3966 1215 3971 ’
1255 3973 1337 4030 ⁸0m.
1358 3975 1390 4029 C.

205 4067 399 4123 *Chukhorm
420 4068 452 4122 C.
543 4065 806 4137 “Douniermelyn
825 4068 858 4122 C.
947 4065 1078 4135 “Bruys
1098 4066 1129 4120 C.
1212 4059 1299 4118 'filio
1312 4060 1429 4132 antiqui.
1450 4060 1481 4115 C.

204 4153 215 4186 ⁸
233 4154 314 4227 apud
323 4195 330 4210 .
343 4195 350 4210 .
363 4195 370 4210 .
383 4152 481 4228 affixa]
499 4154 583 4227 apide
601 4155 718 4226 pacifice
735 4164 801 4211 sunt
815 4154 907 4211 affixa.
926 4156 978 4223 B.;
1003 4151 1087 4225 apide
1103 4150 1221 4222 pacifice
1237 4161 1302 4206 sunt
1316 4147 1521 4221 Deopplinmor

167 4243 259 4300 affixa.
278 4244 310 4299 C.
594 4244 605 4272 ⁹
624 4244 793 4300 Glustemor.
813 4244 845 4298 C.
1129 4237 1150 4271 ¹⁰
1166 4238 1264 4296 eciam.
1284 4240 1316 4295 C.

829 4361 856 4412 H
