4282 4890
498 283 559 345 118
939 287 1185 344 CHRONICON
1204 286 1409 343 GALFRIDI

321 492 475 544 A·1>·18⁵2·
495 489 682 573 quesierunt
701 491 745 554 ab
763 488 924 572 ingressis,
940 488 995 571 qui
1012 499 1044 553 et
1065 489 1166 567 cuius,
1181 510 1238 553 seu
1256 508 1397 570 quorum
1413 489 1590 554 autoritate
1609 501 1753 554 castrum
1769 512 1847 574 cap-

321 623 438 688 Attempt

321 697 348 738 to
359 704 443 754 repur-

320 754 394 805 chase
405 754 448 805 the

320 820 404 871 eastle.

495 621 566 676 tum
593 598 775 676 detinerent
801 620 951 694 tempore
980 621 1179 693 treugarum.
1224 610 1283 673 Ad
1313 609 1373 674 hec
1404 609 1617 694 responsuml
1648 623 1846 695 receperunt,

496 735 586 815 quod
603 733 716 797 intrusi
732 733 888 798 nolebant
903 732 998 797 alicui
1013 732 1134 796 viventi
1155 752 1251 795 suum
1274 752 1345 795 esse
1368 731 1519 809 revelare,
1534 753 1705 816 quousque
1719 734 1847 798 diutur-

495 854 620 918 niorem
637 854 698 919 loci
714 855 866 918 seisinam
883 852 1018 917 fuissent
1033 853 1171 937 experti.
1217 853 1323 935 Igitur
1339 853 1371 915 in
1386 853 1440 917 die
1458 855 1561 919 sancti
1583 853 1691 918 Mauri
1707 855 1847 934 abbatis,

495 995 572 1059 rege
587 996 647 1039 suo
663 975 881 1059 parliamento
898 975 1116 1049 incumbente,
1131 983 1289 1039 venerunt
1306 970 1423 1038 Gallici
1439 974 1528 1038 missi
1544 996 1564 1040 a
1583 975 1711 1058 prelato
1726 977 1848 1041 comite

494 1098 537 1161 de
553 1095 674 1181 Gynes,
697 1108 877 1161 asserentes
898 1097 930 1159 in
952 1097 1117 1179 presencia
1140 1097 1225 1179 regis
1246 1095 1346 1178 quod,
1365 1096 1397 1159 in
1414 1096 1630 1179 preiudicium
1647 1107 1847 1180 treugarum,

493 1228 638 1283 castrum
654 1219 839 1302 predictum
855 1217 916 1282 suit
940 1228 1084 1301 captum,
1110 1228 1144 1282 et
1167 1217 1241 1283 ideo
1257 1217 1325 1281 iure
1344 1228 1457 1281 mutue
1477 1215 1554 1282 fidei
1573 1219 1632 1282 eiis
1647 1218 1848 1302 integraliter

494 1341 742 1404 restituendum.
789 1339 976 1422 Respondit
999 1338 1125 1404 nunciis
1148 1339 1357 1421 providencia
1377 1338 1495 1422 regalis
1514 1340 1605 1421 quod
1628 1337 1692 1403 dei
1713 1360 1846 1404 assensu

494 1460 585 1544 regio
607 1461 658 1524 vel
685 1461 768 1525 scitu
794 1481 859 1524 non
888 1460 948 1524 luit
975 1459 1101 1525 facinus
1128 1459 1340 1543 ingeniatum,
1362 1469 1394 1523 et
1416 1460 1491 1524 ideo
1506 1461 1694 1543 petentibus
1710 1462 1846 1526 tradidit

494 1581 605 1646 literas
632 1582 854 1666 preceptorias
881 1581 1014 1647 cuilibet
1040 1601 1184 1657 suorum,
1210 1601 1252 1644 ne
1274 1580 1392 1661 aliquis
1414 1601 1493 1645 suus
1515 1579 1621 1645 fidelis
1644 1592 1788 1646 castrum
1805 1583 1847 1646 de

495 1702 617 1785 Gynes,
633 1712 669 1767 ut
685 1703 895 1786 premittitur,
910 1713 1107 1785 occupatum
1124 1702 1292 1778 detineret,
1307 1711 1357 1765 set
1378 1701 1445 1765 suis
1461 1701 1616 1784 legitimis
1631 1703 1846 1768 dominatori·

494 1823 555 1887 bus
578 1823 729 1888 liberaret
748 1823 838 1888 illud.
884 1824 1021 1888 Nunciis
1041 1823 1194 1906 regressis
1209 1833 1242 1886 et
1265 1822 1426 1906 expositis
1440 1843 1498 1887 sue
1519 1822 1704 1905 legacioni³
1720 1825 1847 1888 contin-

493 1945 625 2027 genciis,
648 1944 782 2009 accessit
805 1945 848 2008 ad
872 1954 1014 2008 castrum
1029 1945 1229 2027 quandoque
1250 1964 1346 2007 suum
1369 1963 1480 2008 comes
1503 1944 1545 2008 de
1568 1943 1689 2027 Gynes,
1708 1938 1846 2027 querens

494 2065 538 2128 ab
562 2064 702 2142 intrusis,
721 2065 813 2129 sicud
836 2064 927 2140 alias,
950 2064 1042 2129 cuius
1064 2064 1196 2129 nomine
1218 2075 1361 2130 castrum
1385 2076 1602 2147 occuparent3
1626 2066 1744 2147 quibus
1769 2086 1847 2131 con-

494 2195 619 2250 stanter
634 2186 906 2268 respondentibus
918 2186 1008 2268 quod
1023 2185 1156 2250 nomine
1173 2185 1328 2250 Iohannis
1346 2186 1567 2262 Danecastrie‚
1580 2186 1720 2268 quesivit
1737 2197 1847 2251 utrum

495 2306 658 2372 Iohannes
673 2306 818 2391 prefatus
832 2316 917 2371 esset
934 2305 1039 2371 fidelis
1055 2307 1141 2391 regis
1156 2306 1343 2391 Anglorum
1366 2318 1423 2372 aut
1443 2307 1512 2371 eius
1528 2308 1690 2392 preceptis
1714 2309 1846 2374 inclina·

494 2438 595 2493 turus.
641 2428 718 2512 Quo
746 2430 963 2512 respondente
978 2429 1068 2511 quod
1092 2448 1167 2505 non,
1188 2429 1284 2494 scivit
1307 2429 1395 2493 enim
1411 2429 1492 2512 quid
1514 2429 1546 2492 in
1568 2429 1694 2512 Anglia
1709 2429 1848 2513 contigit

494 2550 620 2615 nunciis
636 2550 879 2634 prenominatis,
895 2549 1016 2633 optulit
1032 2570 1142 2615 comes
1162 2570 1224 2633 pro
1244 2560 1361 2626 castro,
1382 2559 1491 2633 preter
1505 2559 1614 2615 totum
1630 2561 1796 2615 tesaurum
1814 2551 1847 2614 in

494 2692 535 2737 eo
550 2682 726 2757 repertum,
742 2670 846 2736 multa
862 2671 953 2735 milia
968 2681 1183 2746 scutatorum,
1198 2682 1256 2736 aut
1272 2673 1494 2755 possessiones
1509 2693 1570 2755 pro
1584 2672 1847 2737 commutacione
1926 2729 1930 2736 .

494 2803 528 2858 et
543 2814 657 2876 pacem
677 2803 870 2878 perpetuam
887 2802 987 2876 atque
1001 2792 1183 2858 amiciciam
1200 2793 1286 2876 regis
1302 2793 1330 2855 F
1331 2812 1513 2857 rancorum.
1559 2792 1618 2857 Ad
1634 2792 1694 2858 hec
1707 2793 1848 2858 finaliter

494 2915 731 2997 responderunt
754 2914 921 2979 castellani
944 2914 1034 2996 quod
1059 2924 1136 2978 ante
1159 2914 1348 2996 capcionem
1368 2912 1416 2977 sui
1440 2912 1538 2977 castri
1562 2911 1691 2977 suerunt
1712 2913 1847 2996 Anglici

493 3035 638 3112 nacione,
654 3044 713 3112 set,
728 3035 796 3100 suis
812 3034 979 3099 demeritis
998 3056 1019 3099 a
1034 3054 1115 3117 pace
1133 3043 1168 3098 et
1184 3034 1331 3100 amicicia
1346 3044 1445 3118 atque
1461 3032 1604 3098 incolatu
1623 3034 1709 3117 regis
1724 3033 1848 3117 Anglie

494 3166 527 3220 et
543 3156 633 3239 regni
650 3155 793 3239 relegati,
808 3156 934 3221 exulati
947 3181 955 3234 3
979 3157 1066 3220 unde
1084 3154 1193 3220 locum
1209 3176 1307 3239 quem
1321 3156 1504 3220 habuerunt
1520 3154 1658 3219 libenter
1669 3155 1847 3220 venderent

494 3287 552 3342 aut
574 3285 824 3353 commutarent,
845 3286 895 3342 set
919 3275 999 3340 nulli
1018 3276 1223 3360 priusquam
1246 3296 1307 3340 suo
1329 3277 1398 3360 regi
1418 3274 1568 3352 naturali,
1590 3274 1713 3340 scilicet
1736 3296 1847 3359 preor-

492 3399 608 3463 dinato
635 3397 702 3481 regi
732 3396 864 3480 Anglie,
894 3396 955 3474 cui,
985 3405 1022 3460 ut
1052 3396 1217 3475 dixerunt,
1241 3396 1348 3462 sorent
1373 3395 1557 3480 exposituri
1583 3416 1679 3460 suum
1703 3406 1846 3461 castrum

492 3518 606 3585 venale
630 3540 691 3602 pro
708 3518 758 3582 sui
779 3540 860 3603 pace
885 3527 987 3601 atque
1012 3516 1151 3603 pacifica
1175 3518 1385 3583 revocacione
1406 3519 1451 3583 ab
1473 3517 1596 3595 exilio;
1620 3517 1677 3599 qui
1698 3517 1724 3581 si
1745 3516 1847 3582 nollet

494 3638 598 3706 illud⁴
627 3661 743 3718 emere,
770 3641 854 3724 regis
886 3640 914 3702 F
915 3641 1022 3705 rancie
1052 3650 1109 3705 aut
1141 3639 1376 3722 cuiuscumque
1404 3638 1653 3704 habundancius
1682 3638 1848 3704 offerentis

494 3784 556 3847 pro
574 3761 630 3828 illo
649 3762 794 3845 precium
819 3761 1047 3827 convencionis
1070 3761 1250 3845 reciperent
1274 3760 1423 3826 libenter.
1469 3758 1607 3824 Talibus
1629 3760 1750 3825 comite
1772 3781 1847 3825 eva·

494 3895 592 3952 cuato
657 3905 681 3946 x
696 3883 753 3947 An
778 3882 820 3947 lie
838 3892 981 3948 castrum
998 3903 1110 3948 revera
1125 3883 1347 3948 desideratum
1366 3881 1447 3947 emit
1465 3892 1499 3946 et
1514 3902 1575 3947 ocu
1601 3882 1680 3946 avit.

811 4080 1905 4143 ww

531 4262 803 4338 ¹adhecrespons.]
816 4265 953 4338 repeated.
970 4268 1003 4322 B.
1109 4263 1191 4322 ὀνκ.
1212 4267 1244 4323 C.
1350 4259 1538 4335 'legacionis
1558 4262 1590 4318 C.
1698 4257 1765 4315 4ἱά.
1785 4259 1816 4315 C.

1987 3976 1997 4027 l
